日期,时间,成交价,成交量,总量,额,B1价,B1量,B2价,B2量,B3价,B3量,B4价,B4量,B5价,B5量,S1价,S1量,S2价,S2量,S3价,S3量,S4价,S4量,S5价,S5量,BS
2016-1-4,08:47:12,3539.18,0,0,0,0.00,0,0.00,0,0.00,0,0.00,0,0.00,0,0.00,0,0.00,0,0.00,0,0.00,0,0.00,0,B
2016-1-4,09:25:13,3536.59,964166,964166,1587413760,0.00,3499341,0.00,0,0.00,0,0.00,0,0.00,0,0.00,1583557,0.00,0,0.00,0,0.00,0,0.00,0,B
2016-1-4,09:30:04,3536.36,714878,1679044,1210333184,0.00,3329459,0.00,0,0.00,0,0.00,0,0.00,0,0.00,1823763,0.00,0,0.00,0,0.00,0,0.00,0,B
2016-1-4,09:30:09,3535.98,601600,2280644,909212416,0.00,3491426,0.00,0,0.00,0,0.00,0,0.00,0,0.00,2052192,0.00,0,0.00,0,0.00,0,0.00,0,B
2016-1-4,09:30:14,3536.17,46776,2327420,81209344,0.00,3691718,0.00,0,0.00,0,0.00,0,0.00,0,0.00,2112903,0.00,0,0.00,0,0.00,0,0.00,0,B
2016-1-4,09:30:19,3535.65,52693,2380113,88773632,0.00,3673938,0.00,0,0.00,0,0.00,0,0.00,0,0.00,2107771,0.00,0,0.00,0,0.00,0,0.00,0,B
2016-1-4,09:30:24,3533.96,81702,2461815,138595840,0.00,3658937,0.00,0,0.00,0,0.00,0,0.00,0,0.00,2068126,0.00,0,0.00,0,0.00,0,0.00,0,B
2016-1-4,09:30:29,3533.93,98325,2560140,138942464,0.00,3573690,0.00,0,0.00,0,0.00,0,0.00,0,0.00,2100456,0.00,0,0.00,0,0.00,0,0.00,0,B
2016-1-4,09:30:34,3533.39,103730,2663870,168997376,0.00,3560308,0.00,0,0.00,0,0.00,0,0.00,0,0.00,2053025,0.00,0,0.00,0,0.00,0,0.00,0,B
2016-1-4,09:30:39,3532.67,141178,2805048,212832256,0.00,3526382,0.00,0,0.00,0,0.00,0,0.00,0,0.00,2051295,0.00,0,0.00,0,0.00,0,0.00,0,B
2016-1-4,09:30:44,3532.98,100387,2905435,167675392,0.00,3454839,0.00,0,0.00,0,0.00,0,0.00,0,0.00,2062478,0.00,0,0.00,0,0.00,0,0.00,0,B
2016-1-4,09:30:49,3532.22,149218,3054653,242871296,0.00,3475354,0.00,0,0.00,0,0.00,0,0.00,0,0.00,2028049,0.00,0,0.00,0,0.00,0,0.00,0,B
2016-1-4,09:30:54,3532.26,118313,3172966,191429632,0.00,3466870,0.00,0,0.00,0,0.00,0,0.00,0,0.00,2031113,0.00,0,0.00,0,0.00,0,0.00,0,B
2016-1-4,09:30:59,3532.42,92133,3265099,161846272,0.00,3477781,0.00,0,0.00,0,0.00,0,0.00,0,0.00,2058278,0.00,0,0.00,0,0.00,0,0.00,0,B
2016-1-4,09:31:04,3531.97,122796,3387895,212410368,0.00,3483373,0.00,0,0.00,0,0.00,0,0.00,0,0.00,2056113,0.00,0,0.00,0,0.00,0,0.00,0,B
2016-1-4,09:31:09,3531.36,114291,3502186,178529792,0.00,3492226,0.00,0,0.00,0,0.00,0,0.00,0,0.00,2063891,0.00,0,0.00,0,0.00,0,0.00,0,B
2016-1-4,09:31:14,3530.96,92271,3594457,162362368,0.00,3499203,0.00,0,0.00,0,0.00,0,0.00,0,0.00,2046831,0.00,0,0.00,0,0.00,0,0.00,0,B
2016-1-4,09:31:19,3531.21,127992,3722449,217375232,0.00,3511323,0.00,0,0.00,0,0.00,0,0.00,0,0.00,2055535,0.00,0,0.00,0,0.00,0,0.00,0,B
2016-1-4,09:31:24,3531.00,122001,3844450,195717120,0.00,3534615,0.00,0,0.00,0,0.00,0,0.00,0,0.00,2009879,0.00,0,0.00,0,0.00,0,0.00,0,B
2016-1-4,09:31:29,3530.50,101076,3945526,172682240,0.00,3566604,0.00,0,0.00,0,0.00,0,0.00,0,0.00,2042649,0.00,0,0.00,0,0.00,0,0.00,0,B
2016-1-4,09:31:34,3530.98,120572,4066098,220255744,0.00,3578315,0.00,0,0.00,0,0.00,0,0.00,0,0.00,2038718,0.00,0,0.00,0,0.00,0,0.00,0,B
2016-1-4,09:31:39,3531.37,113925,4180023,186004480,0.00,3592992,0.00,0,0.00,0,0.00,0,0.00,0,0.00,2043564,0.00,0,0.00,0,0.00,0,0.00,0,B
2016-1-4,09:31:44,3530.68,86959,4266982,143460864,0.00,3622832,0.00,0,0.00,0,0.00,0,0.00,0,0.00,2027609,0.00,0,0.00,0,0.00,0,0.00,0,B
2016-1-4,09:31:49,3531.31,111931,4378913,190129152,0.00,3627678,0.00,0,0.00,0,0.00,0,0.00,0,0.00,2058436,0.00,0,0.00,0,0.00,0,0.00,0,B
2016-1-4,09:31:54,3531.90,108193,4487106,163457024,0.00,3652794,0.00,0,0.00,0,0.00,0,0.00,0,0.00,2051726,0.00,0,0.00,0,0.00,0,0.00,0,B
2016-1-4,09:31:58,3531.43,78724,4565830,125851648,0.00,3654068,0.00,0,0.00,0,0.00,0,0.00,0,0.00,2071298,0.00,0,0.00,0,0.00,0,0.00,0,B
2016-1-4,09:32:04,3530.60,128637,4694467,197904896,0.00,3656433,0.00,0,0.00,0,0.00,0,0.00,0,0.00,2093369,0.00,0,0.00,0,0.00,0,0.00,0,B
2016-1-4,09:32:09,3531.58,112334,4806801,171914752,0.00,3636663,0.00,0,0.00,0,0.00,0,0.00,0,0.00,2079657,0.00,0,0.00,0,0.00,0,0.00,0,B
2016-1-4,09:32:13,3531.12,74805,4881606,119789568,0.00,3646978,0.00,0,0.00,0,0.00,0,0.00,0,0.00,2101626,0.00,0,0.00,0,0.00,0,0.00,0,B
2016-1-4,09:32:19,3531.52,118584,5000190,186818560,0.00,3645176,0.00,0,0.00,0,0.00,0,0.00,0,0.00,2083256,0.00,0,0.00,0,0.00,0,0.00,0,B
2016-1-4,09:32:25,3531.57,119579,5119769,183247872,0.00,3649771,0.00,0,0.00,0,0.00,0,0.00,0,0.00,2104831,0.00,0,0.00,0,0.00,0,0.00,0,B
2016-1-4,09:32:30,3531.94,89900,5209669,145990144,0.00,3662701,0.00,0,0.00,0,0.00,0,0.00,0,0.00,2118018,0.00,0,0.00,0,0.00,0,0.00,0,B
2016-1-4,09:32:34,3531.41,73523,5283192,121420288,0.00,3689628,0.00,0,0.00,0,0.00,0,0.00,0,0.00,2094685,0.00,0,0.00,0,0.00,0,0.00,0,B
2016-1-4,09:32:39,3531.18,100492,5383684,155984896,0.00,3686933,0.00,0,0.00,0,0.00,0,0.00,0,0.00,2086245,0.00,0,0.00,0,0.00,0,0.00,0,B
2016-1-4,09:32:45,3531.17,116242,5499926,175267840,0.00,3701474,0.00,0,0.00,0,0.00,0,0.00,0,0.00,2114897,0.00,0,0.00,0,0.00,0,0.00,0,B
2016-1-4,09:32:49,3531.20,83786,5583712,145500160,0.00,3712977,0.00,0,0.00,0,0.00,0,0.00,0,0.00,2098292,0.00,0,0.00,0,0.00,0,0.00,0,B
2016-1-4,09:32:55,3531.78,106616,5690328,169719808,0.00,3718939,0.00,0,0.00,0,0.00,0,0.00,0,0.00,2119830,0.00,0,0.00,0,0.00,0,0.00,0,B
2016-1-4,09:32:58,3531.91,56031,5746359,91717632,0.00,3750342,0.00,0,0.00,0,0.00,0,0.00,0,0.00,2100924,0.00,0,0.00,0,0.00,0,0.00,0,B
2016-1-4,09:33:04,3533.05,105670,5852029,170439680,0.00,3761809,0.00,0,0.00,0,0.00,0,0.00,0,0.00,2136621,0.00,0,0.00,0,0.00,0,0.00,0,B
2016-1-4,09:33:10,3532.89,104283,5956312,168113152,0.00,3744856,0.00,0,0.00,0,0.00,0,0.00,0,0.00,2128698,0.00,0,0.00,0,0.00,0,0.00,0,B
2016-1-4,09:33:15,3533.19,95494,6051806,159272960,0.00,3766838,0.00,0,0.00,0,0.00,0,0.00,0,0.00,2128177,0.00,0,0.00,0,0.00,0,0.00,0,B
2016-1-4,09:33:19,3533.22,61763,6113569,110557184,0.00,3766688,0.00,0,0.00,0,0.00,0,0.00,0,0.00,2153046,0.00,0,0.00,0,0.00,0,0.00,0,B
2016-1-4,09:33:25,3533.70,114162,6227731,182232064,0.00,3783439,0.00,0,0.00,0,0.00,0,0.00,0,0.00,2125347,0.00,0,0.00,0,0.00,0,0.00,0,B
2016-1-4,09:33:30,3533.13,83043,6310774,138912768,0.00,3815940,0.00,0,0.00,0,0.00,0,0.00,0,0.00,2125188,0.00,0,0.00,0,0.00,0,0.00,0,B
2016-1-4,09:33:34,3533.71,71461,6382235,116260864,0.00,3849025,0.00,0,0.00,0,0.00,0,0.00,0,0.00,2136809,0.00,0,0.00,0,0.00,0,0.00,0,B
2016-1-4,09:33:40,3534.53,117250,6499485,186792960,0.00,3828468,0.00,0,0.00,0,0.00,0,0.00,0,0.00,2152551,0.00,0,0.00,0,0.00,0,0.00,0,B
2016-1-4,09:33:45,3534.24,88243,6587728,136287232,0.00,3806947,0.00,0,0.00,0,0.00,0,0.00,0,0.00,2200398,0.00,0,0.00,0,0.00,0,0.00,0,B
2016-1-4,09:33:49,3535.08,70054,6657782,116250624,0.00,3820936,0.00,0,0.00,0,0.00,0,0.00,0,0.00,2205135,0.00,0,0.00,0,0.00,0,0.00,0,B
2016-1-4,09:33:55,3534.64,114182,6771964,172643328,0.00,3810552,0.00,0,0.00,0,0.00,0,0.00,0,0.00,2212651,0.00,0,0.00,0,0.00,0,0.00,0,B
2016-1-4,09:33:58,3534.81,55083,6827047,81945600,0.00,3812154,0.00,0,0.00,0,0.00,0,0.00,0,0.00,2255191,0.00,0,0.00,0,0.00,0,0.00,0,B
2016-1-4,09:34:04,3535.91,111514,6938561,182218752,0.00,3858648,0.00,0,0.00,0,0.00,0,0.00,0,0.00,2242082,0.00,0,0.00,0,0.00,0,0.00,0,B
2016-1-4,09:34:10,3535.85,106376,7044937,172186624,0.00,3839241,0.00,0,0.00,0,0.00,0,0.00,0,0.00,2252733,0.00,0,0.00,0,0.00,0,0.00,0,B
2016-1-4,09:34:15,3535.81,86405,7131342,142316544,0.00,3866880,0.00,0,0.00,0,0.00,0,0.00,0,0.00,2266072,0.00,0,0.00,0,0.00,0,0.00,0,B
2016-1-4,09:34:19,3536.06,72581,7203923,116219904,0.00,3869360,0.00,0,0.00,0,0.00,0,0.00,0,0.00,2275736,0.00,0,0.00,0,0.00,0,0.00,0,B
2016-1-4,09:34:25,3536.56,116161,7320084,186082304,0.00,3873638,0.00,0,0.00,0,0.00,0,0.00,0,0.00,2274236,0.00,0,0.00,0,0.00,0,0.00,0,B
2016-1-4,09:34:30,3536.62,97526,7417610,141456384,0.00,3885081,0.00,0,0.00,0,0.00,0,0.00,0,0.00,2270965,0.00,0,0.00,0,0.00,0,0.00,0,B
2016-1-4,09:34:34,3536.08,77107,7494717,121707520,0.00,3940102,0.00,0,0.00,0,0.00,0,0.00,0,0.00,2234804,0.00,0,0.00,0,0.00,0,0.00,0,B
2016-1-4,09:34:40,3537.05,124378,7619095,189844480,0.00,3960454,0.00,0,0.00,0,0.00,0,0.00,0,0.00,2247174,0.00,0,0.00,0,0.00,0,0.00,0,B
2016-1-4,09:34:45,3537.37,98027,7717122,153739264,0.00,3957232,0.00,0,0.00,0,0.00,0,0.00,0,0.00,2254950,0.00,0,0.00,0,0.00,0,0.00,0,B
2016-1-4,09:34:49,3537.04,85280,7802402,156479488,0.00,3946732,0.00,0,0.00,0,0.00,0,0.00,0,0.00,2268513,0.00,0,0.00,0,0.00,0,0.00,0,B
2016-1-4,09:34:55,3537.42,110235,7912637,185213952,0.00,3977505,0.00,0,0.00,0,0.00,0,0.00,0,0.00,2278529,0.00,0,0.00,0,0.00,0,0.00,0,B
2016-1-4,09:35:00,3537.38,98662,8011299,160561152,0.00,4024719,0.00,0,0.00,0,0.00,0,0.00,0,0.00,2273054,0.00,0,0.00,0,0.00,0,0.00,0,B
2016-1-4,09:35:04,3537.97,72176,8083475,118927360,0.00,4001446,0.00,0,0.00,0,0.00,0,0.00,0,0.00,2319854,0.00,0,0.00,0,0.00,0,0.00,0,B
2016-1-4,09:35:10,3538.44,116457,8199932,184220672,0.00,4003127,0.00,0,0.00,0,0.00,0,0.00,0,0.00,2320327,0.00,0,0.00,0,0.00,0,0.00,0,B
2016-1-4,09:35:15,3538.54,87900,8287832,151047168,0.00,3972537,0.00,0,0.00,0,0.00,0,0.00,0,0.00,2391474,0.00,0,0.00,0,0.00,0,0.00,0,B
2016-1-4,09:35:19,3538.23,77385,8365217,167533568,0.00,4000827,0.00,0,0.00,0,0.00,0,0.00,0,0.00,2398583,0.00,0,0.00,0,0.00,0,0.00,0,B
2016-1-4,09:35:25,3538.34,106314,8471531,176766976,0.00,3992719,0.00,0,0.00,0,0.00,0,0.00,0,0.00,2422937,0.00,0,0.00,0,0.00,0,0.00,0,B
2016-1-4,09:35:30,3538.10,113765,8585296,181090304,0.00,4032760,0.00,0,0.00,0,0.00,0,0.00,0,0.00,2376328,0.00,0,0.00,0,0.00,0,0.00,0,B
2016-1-4,09:35:34,3537.40,86262,8671558,227162112,0.00,4044962,0.00,0,0.00,0,0.00,0,0.00,0,0.00,2385622,0.00,0,0.00,0,0.00,0,0.00,0,B
2016-1-4,09:35:40,3537.70,128515,8800073,285104128,0.00,4034994,0.00,0,0.00,0,0.00,0,0.00,0,0.00,2392172,0.00,0,0.00,0,0.00,0,0.00,0,B
2016-1-4,09:35:45,3537.34,106927,8907000,170363904,0.00,4056112,0.00,0,0.00,0,0.00,0,0.00,0,0.00,2418790,0.00,0,0.00,0,0.00,0,0.00,0,B
2016-1-4,09:35:49,3537.98,73047,8980047,137163776,0.00,4068301,0.00,0,0.00,0,0.00,0,0.00,0,0.00,2433791,0.00,0,0.00,0,0.00,0,0.00,0,B
2016-1-4,09:35:55,3536.72,122823,9102870,187791360,0.00,4056004,0.00,0,0.00,0,0.00,0,0.00,0,0.00,2456426,0.00,0,0.00,0,0.00,0,0.00,0,B
2016-1-4,09:36:00,3537.51,97821,9200691,156322816,0.00,4050716,0.00,0,0.00,0,0.00,0,0.00,0,0.00,2461085,0.00,0,0.00,0,0.00,0,0.00,0,B
2016-1-4,09:36:04,3537.93,74657,9275348,120239104,0.00,4083331,0.00,0,0.00,0,0.00,0,0.00,0,0.00,2469631,0.00,0,0.00,0,0.00,0,0.00,0,B
2016-1-4,09:36:10,3537.54,122359,9397707,190406656,0.00,4111347,0.00,0,0.00,0,0.00,0,0.00,0,0.00,2456796,0.00,0,0.00,0,0.00,0,0.00,0,B
2016-1-4,09:36:15,3537.47,101181,9498888,168555520,0.00,4116383,0.00,0,0.00,0,0.00,0,0.00,0,0.00,2484166,0.00,0,0.00,0,0.00,0,0.00,0,B
2016-1-4,09:36:19,3536.99,89245,9588133,141319168,0.00,4128423,0.00,0,0.00,0,0.00,0,0.00,0,0.00,2488261,0.00,0,0.00,0,0.00,0,0.00,0,B
2016-1-4,09:36:25,3536.40,140975,9729108,216280064,0.00,4125379,0.00,0,0.00,0,0.00,0,0.00,0,0.00,2485993,0.00,0,0.00,0,0.00,0,0.00,0,B
2016-1-4,09:36:30,3535.42,104618,9833726,156135424,0.00,4135416,0.00,0,0.00,0,0.00,0,0.00,0,0.00,2507367,0.00,0,0.00,0,0.00,0,0.00,0,B
2016-1-4,09:36:34,3535.91,92027,9925753,140422144,0.00,4122901,0.00,0,0.00,0,0.00,0,0.00,0,0.00,2506948,0.00,0,0.00,0,0.00,0,0.00,0,B
2016-1-4,09:36:40,3535.64,123991,10049744,190357504,0.00,4127531,0.00,0,0.00,0,0.00,0,0.00,0,0.00,2510197,0.00,0,0.00,0,0.00,0,0.00,0,B
2016-1-4,09:36:45,3534.70,121301,10171045,176697344,0.00,4172800,0.00,0,0.00,0,0.00,0,0.00,0,0.00,2493593,0.00,0,0.00,0,0.00,0,0.00,0,B
2016-1-4,09:36:49,3535.03,86953,10257998,139665408,0.00,4424608,0.00,0,0.00,0,0.00,0,0.00,0,0.00,2521060,0.00,0,0.00,0,0.00,0,0.00,0,B
2016-1-4,09:36:55,3535.11,126679,10384677,192125952,0.00,4637325,0.00,0,0.00,0,0.00,0,0.00,0,0.00,2509780,0.00,0,0.00,0,0.00,0,0.00,0,B
2016-1-4,09:37:00,3534.24,132924,10517601,189304832,0.00,4671193,0.00,0,0.00,0,0.00,0,0.00,0,0.00,2519737,0.00,0,0.00,0,0.00,0,0.00,0,B
2016-1-4,09:37:04,3534.27,84528,10602129,134980608,0.00,4655111,0.00,0,0.00,0,0.00,0,0.00,0,0.00,2525295,0.00,0,0.00,0,0.00,0,0.00,0,B
2016-1-4,09:37:10,3534.46,135919,10738048,200146944,0.00,4635049,0.00,0,0.00,0,0.00,0,0.00,0,0.00,2519497,0.00,0,0.00,0,0.00,0,0.00,0,B
2016-1-4,09:37:15,3533.39,106888,10844936,169046016,0.00,4656823,0.00,0,0.00,0,0.00,0,0.00,0,0.00,2531145,0.00,0,0.00,0,0.00,0,0.00,0,B
2016-1-4,09:37:19,3532.88,84279,10929215,135553024,0.00,4628450,0.00,0,0.00,0,0.00,0,0.00,0,0.00,2544721,0.00,0,0.00,0,0.00,0,0.00,0,B
2016-1-4,09:37:25,3532.58,144155,11073370,213520384,0.00,4625347,0.00,0,0.00,0,0.00,0,0.00,0,0.00,2521786,0.00,0,0.00,0,0.00,0,0.00,0,B
2016-1-4,09:37:30,3533.05,106039,11179409,161193984,0.00,4626319,0.00,0,0.00,0,0.00,0,0.00,0,0.00,2511121,0.00,0,0.00,0,0.00,0,0.00,0,B
2016-1-4,09:37:34,3532.71,87490,11266899,132333568,0.00,4613408,0.00,0,0.00,0,0.00,0,0.00,0,0.00,2496086,0.00,0,0.00,0,0.00,0,0.00,0,B
2016-1-4,09:37:40,3531.48,140514,11407413,205355008,0.00,4627378,0.00,0,0.00,0,0.00,0,0.00,0,0.00,2495654,0.00,0,0.00,0,0.00,0,0.00,0,B
2016-1-4,09:37:45,3530.95,110471,11517884,166858752,0.00,4623150,0.00,0,0.00,0,0.00,0,0.00,0,0.00,2528039,0.00,0,0.00,0,0.00,0,0.00,0,B
2016-1-4,09:37:49,3531.14,81112,11598996,130625536,0.00,4658488,0.00,0,0.00,0,0.00,0,0.00,0,0.00,2511534,0.00,0,0.00,0,0.00,0,0.00,0,B
2016-1-4,09:37:55,3530.19,132064,11731060,196868096,0.00,4610189,0.00,0,0.00,0,0.00,0,0.00,0,0.00,2509742,0.00,0,0.00,0,0.00,0,0.00,0,B
2016-1-4,09:38:00,3529.84,148275,11879335,199888896,0.00,4622985,0.00,0,0.00,0,0.00,0,0.00,0,0.00,2508267,0.00,0,0.00,0,0.00,0,0.00,0,B
2016-1-4,09:38:04,3529.75,86679,11966014,136323072,0.00,4626630,0.00,0,0.00,0,0.00,0,0.00,0,0.00,2516779,0.00,0,0.00,0,0.00,0,0.00,0,B
2016-1-4,09:38:10,3529.13,140943,12106957,211421184,0.00,4609541,0.00,0,0.00,0,0.00,0,0.00,0,0.00,2539088,0.00,0,0.00,0,0.00,0,0.00,0,B
2016-1-4,09:38:15,3528.86,117567,12224524,157120512,0.00,4582955,0.00,0,0.00,0,0.00,0,0.00,0,0.00,2547011,0.00,0,0.00,0,0.00,0,0.00,0,B
2016-1-4,09:38:19,3527.56,82456,12306980,140371968,0.00,4596303,0.00,0,0.00,0,0.00,0,0.00,0,0.00,2522003,0.00,0,0.00,0,0.00,0,0.00,0,B
2016-1-4,09:38:25,3527.24,144558,12451538,207183872,0.00,4603005,0.00,0,0.00,0,0.00,0,0.00,0,0.00,2513114,0.00,0,0.00,0,0.00,0,0.00,0,B
2016-1-4,09:38:30,3527.08,124504,12576042,173694976,0.00,4598051,0.00,0,0.00,0,0.00,0,0.00,0,0.00,2516900,0.00,0,0.00,0,0.00,0,0.00,0,B
2016-1-4,09:38:34,3526.36,77702,12653744,131551232,0.00,4614383,0.00,0,0.00,0,0.00,0,0.00,0,0.00,2508530,0.00,0,0.00,0,0.00,0,0.00,0,B
2016-1-4,09:38:40,3525.86,155561,12809305,219095040,0.00,4605811,0.00,0,0.00,0,0.00,0,0.00,0,0.00,2502893,0.00,0,0.00,0,0.00,0,0.00,0,B
2016-1-4,09:38:45,3525.45,119040,12928345,175872000,0.00,4599585,0.00,0,0.00,0,0.00,0,0.00,0,0.00,2506738,0.00,0,0.00,0,0.00,0,0.00,0,B
2016-1-4,09:38:49,3524.93,109669,13038014,152086528,0.00,4607413,0.00,0,0.00,0,0.00,0,0.00,0,0.00,2516282,0.00,0,0.00,0,0.00,0,0.00,0,B
2016-1-4,09:38:55,3525.18,138751,13176765,206045184,0.00,4616179,0.00,0,0.00,0,0.00,0,0.00,0,0.00,2508301,0.00,0,0.00,0,0.00,0,0.00,0,B
2016-1-4,09:39:00,3524.67,124052,13300817,178647040,0.00,4594035,0.00,0,0.00,0,0.00,0,0.00,0,0.00,2530930,0.00,0,0.00,0,0.00,0,0.00,0,B
2016-1-4,09:39:04,3524.35,102567,13403384,157898752,0.00,4612865,0.00,0,0.00,0,0.00,0,0.00,0,0.00,2530389,0.00,0,0.00,0,0.00,0,0.00,0,B
2016-1-4,09:39:10,3523.61,146250,13549634,217292800,0.00,4612436,0.00,0,0.00,0,0.00,0,0.00,0,0.00,2530313,0.00,0,0.00,0,0.00,0,0.00,0,B
2016-1-4,09:39:15,3522.70,126775,13676409,172339200,0.00,4590689,0.00,0,0.00,0,0.00,0,0.00,0,0.00,2535720,0.00,0,0.00,0,0.00,0,0.00,0,B
2016-1-4,09:39:19,3522.87,98473,13774882,161669120,0.00,4599236,0.00,0,0.00,0,0.00,0,0.00,0,0.00,2550426,0.00,0,0.00,0,0.00,0,0.00,0,B
2016-1-4,09:39:25,3521.88,151929,13926811,215717888,0.00,4590012,0.00,0,0.00,0,0.00,0,0.00,0,0.00,2539475,0.00,0,0.00,0,0.00,0,0.00,0,B
2016-1-4,09:39:30,3521.06,122972,14049783,176136192,0.00,4564464,0.00,0,0.00,0,0.00,0,0.00,0,0.00,2541319,0.00,0,0.00,0,0.00,0,0.00,0,B
2016-1-4,09:39:34,3520.46,105164,14154947,157153280,0.00,4549099,0.00,0,0.00,0,0.00,0,0.00,0,0.00,2531965,0.00,0,0.00,0,0.00,0,0.00,0,B
2016-1-4,09:39:40,3520.70,162500,14317447,234889216,0.00,4530338,0.00,0,0.00,0,0.00,0,0.00,0,0.00,2535957,0.00,0,0.00,0,0.00,0,0.00,0,B
2016-1-4,09:39:45,3520.19,142085,14459532,188028928,0.00,4519359,0.00,0,0.00,0,0.00,0,0.00,0,0.00,2514162,0.00,0,0.00,0,0.00,0,0.00,0,B
2016-1-4,09:39:49,3519.78,102906,14562438,144812032,0.00,4503361,0.00,0,0.00,0,0.00,0,0.00,0,0.00,2497557,0.00,0,0.00,0,0.00,0,0.00,0,B
2016-1-4,09:39:55,3518.86,147756,14710194,207888384,0.00,4498724,0.00,0,0.00,0,0.00,0,0.00,0,0.00,2498337,0.00,0,0.00,0,0.00,0,0.00,0,B
2016-1-4,09:40:00,3518.57,138977,14849171,195543040,0.00,4472984,0.00,0,0.00,0,0.00,0,0.00,0,0.00,2501871,0.00,0,0.00,0,0.00,0,0.00,0,B
2016-1-4,09:40:04,3518.45,117021,14966192,162351104,0.00,4464036,0.00,0,0.00,0,0.00,0,0.00,0,0.00,2477489,0.00,0,0.00,0,0.00,0,0.00,0,B
2016-1-4,09:40:10,3517.68,168562,15134754,240318464,0.00,4445446,0.00,0,0.00,0,0.00,0,0.00,0,0.00,2464395,0.00,0,0.00,0,0.00,0,0.00,0,B
2016-1-4,09:40:15,3517.31,131916,15266670,188342272,0.00,4439377,0.00,0,0.00,0,0.00,0,0.00,0,0.00,2448316,0.00,0,0.00,0,0.00,0,0.00,0,B
2016-1-4,09:40:19,3516.54,126128,15392798,182011904,0.00,4438573,0.00,0,0.00,0,0.00,0,0.00,0,0.00,2449856,0.00,0,0.00,0,0.00,0,0.00,0,B
2016-1-4,09:40:25,3516.83,152870,15545668,221519872,0.00,4434284,0.00,0,0.00,0,0.00,0,0.00,0,0.00,2470370,0.00,0,0.00,0,0.00,0,0.00,0,B
2016-1-4,09:40:30,3516.61,130442,15676110,188545024,0.00,4448810,0.00,0,0.00,0,0.00,0,0.00,0,0.00,2459237,0.00,0,0.00,0,0.00,0,0.00,0,B
2016-1-4,09:40:34,3515.41,113013,15789123,156463104,0.00,4420801,0.00,0,0.00,0,0.00,0,0.00,0,0.00,2451070,0.00,0,0.00,0,0.00,0,0.00,0,B
2016-1-4,09:40:40,3515.17,175298,15964421,234287104,0.00,4416260,0.00,0,0.00,0,0.00,0,0.00,0,0.00,2463937,0.00,0,0.00,0,0.00,0,0.00,0,B
2016-1-4,09:40:45,3514.87,156386,16120807,217726976,0.00,4384852,0.00,0,0.00,0,0.00,0,0.00,0,0.00,2494594,0.00,0,0.00,0,0.00,0,0.00,0,B
2016-1-4,09:40:49,3514.82,106041,16226848,155713536,0.00,4376128,0.00,0,0.00,0,0.00,0,0.00,0,0.00,2502075,0.00,0,0.00,0,0.00,0,0.00,0,B
2016-1-4,09:40:55,3514.31,169254,16396102,233037824,0.00,4377820,0.00,0,0.00,0,0.00,0,0.00,0,0.00,2485880,0.00,0,0.00,0,0.00,0,0.00,0,B
2016-1-4,09:41:00,3513.22,135210,16531312,184281088,0.00,4378264,0.00,0,0.00,0,0.00,0,0.00,0,0.00,2548977,0.00,0,0.00,0,0.00,0,0.00,0,B
2016-1-4,09:41:04,3514.26,102000,16633312,151074816,0.00,4335717,0.00,0,0.00,0,0.00,0,0.00,0,0.00,2512536,0.00,0,0.00,0,0.00,0,0.00,0,B
2016-1-4,09:41:10,3513.61,170454,16803766,244144128,0.00,4279426,0.00,0,0.00,0,0.00,0,0.00,0,0.00,2520931,0.00,0,0.00,0,0.00,0,0.00,0,B
2016-1-4,09:41:15,3513.35,140994,16944760,193210368,0.00,4138251,0.00,0,0.00,0,0.00,0,0.00,0,0.00,2501570,0.00,0,0.00,0,0.00,0,0.00,0,B
2016-1-4,09:41:19,3512.96,115750,17060510,162975744,0.00,4038048,0.00,0,0.00,0,0.00,0,0.00,0,0.00,2455240,0.00,0,0.00,0,0.00,0,0.00,0,B
2016-1-4,09:41:25,3513.06,163160,17223670,228931584,0.00,3989877,0.00,0,0.00,0,0.00,0,0.00,0,0.00,2490595,0.00,0,0.00,0,0.00,0,0.00,0,B
2016-1-4,09:41:30,3512.71,170512,17394182,206696448,0.00,3974113,0.00,0,0.00,0,0.00,0,0.00,0,0.00,2427224,0.00,0,0.00,0,0.00,0,0.00,0,B
2016-1-4,09:41:34,3512.69,92406,17486588,132030464,0.00,4005377,0.00,0,0.00,0,0.00,0,0.00,0,0.00,2456511,0.00,0,0.00,0,0.00,0,0.00,0,B
2016-1-4,09:41:40,3511.72,180376,17666964,242089984,0.00,3990029,0.00,0,0.00,0,0.00,0,0.00,0,0.00,2493480,0.00,0,0.00,0,0.00,0,0.00,0,B
2016-1-4,09:41:45,3512.38,128752,17795716,201074688,0.00,3979278,0.00,0,0.00,0,0.00,0,0.00,0,0.00,2436699,0.00,0,0.00,0,0.00,0,0.00,0,B
2016-1-4,09:41:49,3512.17,96422,17892138,147410944,0.00,3989513,0.00,0,0.00,0,0.00,0,0.00,0,0.00,2447147,0.00,0,0.00,0,0.00,0,0.00,0,B
2016-1-4,09:41:55,3511.72,144574,18036712,210034688,0.00,4000286,0.00,0,0.00,0,0.00,0,0.00,0,0.00,2459670,0.00,0,0.00,0,0.00,0,0.00,0,B
2016-1-4,09:42:00,3511.90,164948,18201660,193163264,0.00,3969317,0.00,0,0.00,0,0.00,0,0.00,0,0.00,2468526,0.00,0,0.00,0,0.00,0,0.00,0,B
2016-1-4,09:42:04,3512.33,97692,18299352,150736896,0.00,3977056,0.00,0,0.00,0,0.00,0,0.00,0,0.00,2478844,0.00,0,0.00,0,0.00,0,0.00,0,B
2016-1-4,09:42:10,3511.94,153620,18452972,216186880,0.00,3987662,0.00,0,0.00,0,0.00,0,0.00,0,0.00,2457231,0.00,0,0.00,0,0.00,0,0.00,0,B
2016-1-4,09:42:15,3511.80,125432,18578404,179111936,0.00,3992829,0.00,0,0.00,0,0.00,0,0.00,0,0.00,2456297,0.00,0,0.00,0,0.00,0,0.00,0,B
2016-1-4,09:42:19,3511.65,108648,18687052,153849856,0.00,4036421,0.00,0,0.00,0,0.00,0,0.00,0,0.00,2465199,0.00,0,0.00,0,0.00,0,0.00,0,B
2016-1-4,09:42:25,3511.22,158312,18845364,208824320,0.00,4027745,0.00,0,0.00,0,0.00,0,0.00,0,0.00,2475875,0.00,0,0.00,0,0.00,0,0.00,0,B
2016-1-4,09:42:30,3511.29,126516,18971880,175931392,0.00,4043970,0.00,0,0.00,0,0.00,0,0.00,0,0.00,2471381,0.00,0,0.00,0,0.00,0,0.00,0,B
2016-1-4,09:42:34,3511.59,107410,19079290,160258048,0.00,4063736,0.00,0,0.00,0,0.00,0,0.00,0,0.00,2459741,0.00,0,0.00,0,0.00,0,0.00,0,B
2016-1-4,09:42:40,3511.52,144230,19223520,203759616,0.00,4057201,0.00,0,0.00,0,0.00,0,0.00,0,0.00,2456956,0.00,0,0.00,0,0.00,0,0.00,0,B
2016-1-4,09:42:45,3511.60,140642,19364162,181700608,0.00,4081991,0.00,0,0.00,0,0.00,0,0.00,0,0.00,2436005,0.00,0,0.00,0,0.00,0,0.00,0,B
2016-1-4,09:42:49,3512.04,120814,19484976,152215552,0.00,4107894,0.00,0,0.00,0,0.00,0,0.00,0,0.00,2415811,0.00,0,0.00,0,0.00,0,0.00,0,B
2016-1-4,09:42:55,3511.66,132296,19617272,188098560,0.00,4109174,0.00,0,0.00,0,0.00,0,0.00,0,0.00,2435409,0.00,0,0.00,0,0.00,0,0.00,0,B
2016-1-4,09:43:00,3511.78,145204,19762476,186753024,0.00,4119334,0.00,0,0.00,0,0.00,0,0.00,0,0.00,2481337,0.00,0,0.00,0,0.00,0,0.00,0,B
2016-1-4,09:43:04,3512.22,85086,19847562,127432704,0.00,4118629,0.00,0,0.00,0,0.00,0,0.00,0,0.00,2495374,0.00,0,0.00,0,0.00,0,0.00,0,B
2016-1-4,09:43:10,3511.70,149666,19997228,216885248,0.00,4136482,0.00,0,0.00,0,0.00,0,0.00,0,0.00,2482153,0.00,0,0.00,0,0.00,0,0.00,0,B
2016-1-4,09:43:15,3511.85,115286,20112514,153538560,0.00,4170638,0.00,0,0.00,0,0.00,0,0.00,0,0.00,2438099,0.00,0,0.00,0,0.00,0,0.00,0,B
2016-1-4,09:43:19,3511.77,92142,20204656,138508288,0.00,4155118,0.00,0,0.00,0,0.00,0,0.00,0,0.00,2434333,0.00,0,0.00,0,0.00,0,0.00,0,B
2016-1-4,09:43:25,3512.05,132456,20337112,183232512,0.00,4170944,0.00,0,0.00,0,0.00,0,0.00,0,0.00,2437932,0.00,0,0.00,0,0.00,0,0.00,0,B
2016-1-4,09:43:30,3512.42,100562,20437674,155715584,0.00,4197330,0.00,0,0.00,0,0.00,0,0.00,0,0.00,2463490,0.00,0,0.00,0,0.00,0,0.00,0,B
2016-1-4,09:43:34,3512.30,82778,20520452,124512256,0.00,4216592,0.00,0,0.00,0,0.00,0,0.00,0,0.00,2458126,0.00,0,0.00,0,0.00,0,0.00,0,B
2016-1-4,09:43:40,3512.87,138430,20658882,192573440,0.00,4208229,0.00,0,0.00,0,0.00,0,0.00,0,0.00,2463527,0.00,0,0.00,0,0.00,0,0.00,0,B
2016-1-4,09:43:45,3512.41,119210,20778092,166193152,0.00,4212395,0.00,0,0.00,0,0.00,0,0.00,0,0.00,2422337,0.00,0,0.00,0,0.00,0,0.00,0,B
2016-1-4,09:43:49,3513.12,95810,20873902,133148672,0.00,4244680,0.00,0,0.00,0,0.00,0,0.00,0,0.00,2421532,0.00,0,0.00,0,0.00,0,0.00,0,B
2016-1-4,09:43:55,3513.26,128000,21001902,180262912,0.00,4264756,0.00,0,0.00,0,0.00,0,0.00,0,0.00,2457067,0.00,0,0.00,0,0.00,0,0.00,0,B
2016-1-4,09:44:00,3513.70,112824,21114726,160524288,0.00,4302115,0.00,0,0.00,0,0.00,0,0.00,0,0.00,2456743,0.00,0,0.00,0,0.00,0,0.00,0,B
2016-1-4,09:44:04,3513.80,85018,21199744,137064448,0.00,4305870,0.00,0,0.00,0,0.00,0,0.00,0,0.00,2472075,0.00,0,0.00,0,0.00,0,0.00,0,B
2016-1-4,09:44:10,3513.62,136184,21335928,192561152,0.00,4297424,0.00,0,0.00,0,0.00,0,0.00,0,0.00,2476337,0.00,0,0.00,0,0.00,0,0.00,0,B
2016-1-4,09:44:15,3514.01,106556,21442484,139446272,0.00,4318430,0.00,0,0.00,0,0.00,0,0.00,0,0.00,2508467,0.00,0,0.00,0,0.00,0,0.00,0,B
2016-1-4,09:44:19,3514.06,91844,21534328,124606464,0.00,4329423,0.00,0,0.00,0,0.00,0,0.00,0,0.00,2497283,0.00,0,0.00,0,0.00,0,0.00,0,B
2016-1-4,09:44:25,3514.92,136818,21671146,175542272,0.00,4330082,0.00,0,0.00,0,0.00,0,0.00,0,0.00,2548478,0.00,0,0.00,0,0.00,0,0.00,0,B
2016-1-4,09:44:30,3514.60,111586,21782732,146341888,0.00,4342344,0.00,0,0.00,0,0.00,0,0.00,0,0.00,2569118,0.00,0,0.00,0,0.00,0,0.00,0,B
2016-1-4,09:44:34,3515.08,75272,21858004,117002240,0.00,4322815,0.00,0,0.00,0,0.00,0,0.00,0,0.00,2620338,0.00,0,0.00,0,0.00,0,0.00,0,B
2016-1-4,09:44:40,3514.34,133452,21991456,189739008,0.00,4325634,0.00,0,0.00,0,0.00,0,0.00,0,0.00,2622789,0.00,0,0.00,0,0.00,0,0.00,0,B
2016-1-4,09:44:45,3515.05,104504,22095960,149450752,0.00,4349443,0.00,0,0.00,0,0.00,0,0.00,0,0.00,2548797,0.00,0,0.00,0,0.00,0,0.00,0,B
2016-1-4,09:44:49,3515.04,82172,22178132,111894528,0.00,4344229,0.00,0,0.00,0,0.00,0,0.00,0,0.00,2558771,0.00,0,0.00,0,0.00,0,0.00,0,B
2016-1-4,09:44:55,3514.60,118922,22297054,172242944,0.00,4351536,0.00,0,0.00,0,0.00,0,0.00,0,0.00,2585661,0.00,0,0.00,0,0.00,0,0.00,0,B
2016-1-4,09:45:00,3515.66,108178,22405232,146808832,0.00,4334465,0.00,0,0.00,0,0.00,0,0.00,0,0.00,2631873,0.00,0,0.00,0,0.00,0,0.00,0,B
2016-1-4,09:45:04,3515.39,95954,22501186,146681856,0.00,4336152,0.00,0,0.00,0,0.00,0,0.00,0,0.00,2604309,0.00,0,0.00,0,0.00,0,0.00,0,B
2016-1-4,09:45:10,3515.00,144998,22646184,204580864,0.00,4356840,0.00,0,0.00,0,0.00,0,0.00,0,0.00,2597457,0.00,0,0.00,0,0.00,0,0.00,0,B
2016-1-4,09:45:15,3514.07,104592,22750776,143773696,0.00,4408239,0.00,0,0.00,0,0.00,0,0.00,0,0.00,2567376,0.00,0,0.00,0,0.00,0,0.00,0,B
2016-1-4,09:45:19,3514.68,102360,22853136,150540288,0.00,4420881,0.00,0,0.00,0,0.00,0,0.00,0,0.00,2542892,0.00,0,0.00,0,0.00,0,0.00,0,B
2016-1-4,09:45:25,3514.98,140584,22993720,196616192,0.00,4426129,0.00,0,0.00,0,0.00,0,0.00,0,0.00,2538197,0.00,0,0.00,0,0.00,0,0.00,0,B
2016-1-4,09:45:30,3513.33,115972,23109692,162664448,0.00,4467968,0.00,0,0.00,0,0.00,0,0.00,0,0.00,2550014,0.00,0,0.00,0,0.00,0,0.00,0,B
2016-1-4,09:45:34,3513.78,108256,23217948,157130752,0.00,4479053,0.00,0,0.00,0,0.00,0,0.00,0,0.00,2585303,0.00,0,0.00,0,0.00,0,0.00,0,B
2016-1-4,09:45:40,3513.68,149484,23367432,211849216,0.00,4461401,0.00,0,0.00,0,0.00,0,0.00,0,0.00,2579161,0.00,0,0.00,0,0.00,0,0.00,0,B
2016-1-4,09:45:45,3513.78,116636,23484068,166494208,0.00,4498579,0.00,0,0.00,0,0.00,0,0.00,0,0.00,2586592,0.00,0,0.00,0,0.00,0,0.00,0,B
2016-1-4,09:45:49,3512.37,117066,23601134,169750528,0.00,4489983,0.00,0,0.00,0,0.00,0,0.00,0,0.00,2606906,0.00,0,0.00,0,0.00,0,0.00,0,B
2016-1-4,09:45:55,3512.48,147650,23748784,216940544,0.00,4497615,0.00,0,0.00,0,0.00,0,0.00,0,0.00,2602762,0.00,0,0.00,0,0.00,0,0.00,0,B
2016-1-4,09:46:00,3513.10,120896,23869680,177176576,0.00,4509513,0.00,0,0.00,0,0.00,0,0.00,0,0.00,2600497,0.00,0,0.00,0,0.00,0,0.00,0,B
2016-1-4,09:46:06,3511.80,154048,24023728,223088640,0.00,4524970,0.00,0,0.00,0,0.00,0,0.00,0,0.00,2635108,0.00,0,0.00,0,0.00,0,0.00,0,B
2016-1-4,09:46:10,3511.31,134504,24158232,193769472,0.00,4528002,0.00,0,0.00,0,0.00,0,0.00,0,0.00,2649621,0.00,0,0.00,0,0.00,0,0.00,0,B
2016-1-4,09:46:15,3511.44,117286,24275518,161026048,0.00,4531358,0.00,0,0.00,0,0.00,0,0.00,0,0.00,2636602,0.00,0,0.00,0,0.00,0,0.00,0,B
2016-1-4,09:46:21,3510.40,163390,24438908,218664960,0.00,4521845,0.00,0,0.00,0,0.00,0,0.00,0,0.00,2664929,0.00,0,0.00,0,0.00,0,0.00,0,B
2016-1-4,09:46:25,3509.59,122340,24561248,172097536,0.00,4528305,0.00,0,0.00,0,0.00,0,0.00,0,0.00,2664353,0.00,0,0.00,0,0.00,0,0.00,0,B
2016-1-4,09:46:31,3509.64,186890,24748138,249888768,0.00,4524043,0.00,0,0.00,0,0.00,0,0.00,0,0.00,2665538,0.00,0,0.00,0,0.00,0,0.00,0,B
2016-1-4,09:46:36,3508.72,144746,24892884,186605568,0.00,4501650,0.00,0,0.00,0,0.00,0,0.00,0,0.00,2638451,0.00,0,0.00,0,0.00,0,0.00,0,B
2016-1-4,09:46:40,3508.03,122410,25015294,176566272,0.00,4500668,0.00,0,0.00,0,0.00,0,0.00,0,0.00,2642601,0.00,0,0.00,0,0.00,0,0.00,0,B
2016-1-4,09:46:46,3507.55,187048,25202342,249765888,0.00,4486187,0.00,0,0.00,0,0.00,0,0.00,0,0.00,2646167,0.00,0,0.00,0,0.00,0,0.00,0,B
2016-1-4,09:46:51,3507.54,146868,25349210,191029248,0.00,4470745,0.00,0,0.00,0,0.00,0,0.00,0,0.00,2667459,0.00,0,0.00,0,0.00,0,0.00,0,B
2016-1-4,09:46:55,3506.78,128326,25477536,193974272,0.00,4462788,0.00,0,0.00,0,0.00,0,0.00,0,0.00,2701340,0.00,0,0.00,0,0.00,0,0.00,0,B
2016-1-4,09:47:01,3505.63,189392,25666928,261136384,0.00,4428216,0.00,0,0.00,0,0.00,0,0.00,0,0.00,2705293,0.00,0,0.00,0,0.00,0,0.00,0,B
2016-1-4,09:47:06,3505.15,146604,25813532,185339904,0.00,4401978,0.00,0,0.00,0,0.00,0,0.00,0,0.00,2756291,0.00,0,0.00,0,0.00,0,0.00,0,B
2016-1-4,09:47:10,3504.62,150680,25964212,204054528,0.00,4401747,0.00,0,0.00,0,0.00,0,0.00,0,0.00,2779627,0.00,0,0.00,0,0.00,0,0.00,0,B
2016-1-4,09:47:16,3503.83,182876,26147088,263340032,0.00,4401189,0.00,0,0.00,0,0.00,0,0.00,0,0.00,2744622,0.00,0,0.00,0,0.00,0,0.00,0,B
2016-1-4,09:47:21,3503.38,156952,26304040,201674752,0.00,4370307,0.00,0,0.00,0,0.00,0,0.00,0,0.00,2754586,0.00,0,0.00,0,0.00,0,0.00,0,B
2016-1-4,09:47:25,3502.84,151994,26456034,198549504,0.00,4366715,0.00,0,0.00,0,0.00,0,0.00,0,0.00,2742767,0.00,0,0.00,0,0.00,0,0.00,0,B
2016-1-4,09:47:31,3502.34,192382,26648416,250019840,0.00,4317121,0.00,0,0.00,0,0.00,0,0.00,0,0.00,2749516,0.00,0,0.00,0,0.00,0,0.00,0,B
2016-1-4,09:47:36,3502.06,142400,26790816,202768384,0.00,4320016,0.00,0,0.00,0,0.00,0,0.00,0,0.00,2711609,0.00,0,0.00,0,0.00,0,0.00,0,B
2016-1-4,09:47:40,3500.81,127428,26918244,184053760,0.00,4335355,0.00,0,0.00,0,0.00,0,0.00,0,0.00,2698471,0.00,0,0.00,0,0.00,0,0.00,0,B
2016-1-4,09:47:46,3500.23,179706,27097950,249286656,0.00,4321620,0.00,0,0.00,0,0.00,0,0.00,0,0.00,2701052,0.00,0,0.00,0,0.00,0,0.00,0,B
2016-1-4,09:47:51,3500.33,154790,27252740,209358848,0.00,4313067,0.00,0,0.00,0,0.00,0,0.00,0,0.00,2719498,0.00,0,0.00,0,0.00,0,0.00,0,B
2016-1-4,09:47:55,3499.54,130960,27383700,185716736,0.00,4284241,0.00,0,0.00,0,0.00,0,0.00,0,0.00,2729659,0.00,0,0.00,0,0.00,0,0.00,0,B
2016-1-4,09:48:01,3498.10,211988,27595688,282030080,0.00,4247878,0.00,0,0.00,0,0.00,0,0.00,0,0.00,2753406,0.00,0,0.00,0,0.00,0,0.00,0,B
2016-1-4,09:48:06,3498.16,151630,27747318,201482240,0.00,4209099,0.00,0,0.00,0,0.00,0,0.00,0,0.00,2734250,0.00,0,0.00,0,0.00,0,0.00,0,B
2016-1-4,09:48:10,3497.10,139410,27886728,185606144,0.00,4207531,0.00,0,0.00,0,0.00,0,0.00,0,0.00,2777919,0.00,0,0.00,0,0.00,0,0.00,0,B
2016-1-4,09:48:16,3496.94,206420,28093148,276348928,0.00,4198245,0.00,0,0.00,0,0.00,0,0.00,0,0.00,2767315,0.00,0,0.00,0,0.00,0,0.00,0,B
2016-1-4,09:48:21,3496.53,133900,28227048,176418816,0.00,4174599,0.00,0,0.00,0,0.00,0,0.00,0,0.00,2780488,0.00,0,0.00,0,0.00,0,0.00,0,B
2016-1-4,09:48:25,3495.80,134992,28362040,193769472,0.00,4212824,0.00,0,0.00,0,0.00,0,0.00,0,0.00,2772410,0.00,0,0.00,0,0.00,0,0.00,0,B
2016-1-4,09:48:31,3495.15,187304,28549344,253272064,0.00,4216712,0.00,0,0.00,0,0.00,0,0.00,0,0.00,2777825,0.00,0,0.00,0,0.00,0,0.00,0,B
2016-1-4,09:48:36,3494.95,144748,28694092,182730752,0.00,4185202,0.00,0,0.00,0,0.00,0,0.00,0,0.00,2789563,0.00,0,0.00,0,0.00,0,0.00,0,B
2016-1-4,09:48:40,3493.98,166752,28860844,219062272,0.00,4163376,0.00,0,0.00,0,0.00,0,0.00,0,0.00,2765586,0.00,0,0.00,0,0.00,0,0.00,0,B
2016-1-4,09:48:46,3494.02,196712,29057556,260534272,0.00,4169839,0.00,0,0.00,0,0.00,0,0.00,0,0.00,2769132,0.00,0,0.00,0,0.00,0,0.00,0,B
2016-1-4,09:48:51,3492.87,167160,29224716,228245504,0.00,4154288,0.00,0,0.00,0,0.00,0,0.00,0,0.00,2750374,0.00,0,0.00,0,0.00,0,0.00,0,B
2016-1-4,09:48:55,3492.88,149448,29374164,195301376,0.00,4133548,0.00,0,0.00,0,0.00,0,0.00,0,0.00,2776663,0.00,0,0.00,0,0.00,0,0.00,0,B
2016-1-4,09:49:01,3492.16,206826,29580990,258543616,0.00,4119087,0.00,0,0.00,0,0.00,0,0.00,0,0.00,2771389,0.00,0,0.00,0,0.00,0,0.00,0,B
2016-1-4,09:49:06,3491.84,167804,29748794,209395712,0.00,4100570,0.00,0,0.00,0,0.00,0,0.00,0,0.00,2799848,0.00,0,0.00,0,0.00,0,0.00,0,B
2016-1-4,09:49:10,3491.54,148078,29896872,205991936,0.00,4098211,0.00,0,0.00,0,0.00,0,0.00,0,0.00,2812057,0.00,0,0.00,0,0.00,0,0.00,0,B
2016-1-4,09:49:16,3491.28,197496,30094368,262631424,0.00,4077300,0.00,0,0.00,0,0.00,0,0.00,0,0.00,2789785,0.00,0,0.00,0,0.00,0,0.00,0,B
2016-1-4,09:49:21,3491.19,157452,30251820,210100224,0.00,4067209,0.00,0,0.00,0,0.00,0,0.00,0,0.00,2765641,0.00,0,0.00,0,0.00,0,0.00,0,B
2016-1-4,09:49:25,3490.63,172496,30424316,222445568,0.00,4072136,0.00,0,0.00,0,0.00,0,0.00,0,0.00,2769253,0.00,0,0.00,0,0.00,0,0.00,0,B
2016-1-4,09:49:31,3490.13,200080,30624396,261230592,0.00,4056191,0.00,0,0.00,0,0.00,0,0.00,0,0.00,2763547,0.00,0,0.00,0,0.00,0,0.00,0,B
2016-1-4,09:49:36,3489.75,162520,30786916,214417408,0.00,4074201,0.00,0,0.00,0,0.00,0,0.00,0,0.00,2765503,0.00,0,0.00,0,0.00,0,0.00,0,B
2016-1-4,09:49:40,3490.06,142044,30928960,199331840,0.00,4066923,0.00,0,0.00,0,0.00,0,0.00,0,0.00,2750785,0.00,0,0.00,0,0.00,0,0.00,0,B
2016-1-4,09:49:46,3489.74,178060,31107020,236167168,0.00,4062150,0.00,0,0.00,0,0.00,0,0.00,0,0.00,2762535,0.00,0,0.00,0,0.00,0,0.00,0,B
2016-1-4,09:49:51,3490.29,164756,31271776,216592384,0.00,4101941,0.00,0,0.00,0,0.00,0,0.00,0,0.00,2733626,0.00,0,0.00,0,0.00,0,0.00,0,B
2016-1-4,09:49:55,3490.27,161590,31433366,214614016,0.00,4076867,0.00,0,0.00,0,0.00,0,0.00,0,0.00,2718664,0.00,0,0.00,0,0.00,0,0.00,0,B
2016-1-4,09:50:01,3489.13,193602,31626968,250884096,0.00,4086505,0.00,0,0.00,0,0.00,0,0.00,0,0.00,2697076,0.00,0,0.00,0,0.00,0,0.00,0,B
2016-1-4,09:50:06,3489.42,154784,31781752,209575936,0.00,4101182,0.00,0,0.00,0,0.00,0,0.00,0,0.00,2693013,0.00,0,0.00,0,0.00,0,0.00,0,B
2016-1-4,09:50:10,3489.03,150544,31932296,195264512,0.00,4142885,0.00,0,0.00,0,0.00,0,0.00,0,0.00,2655020,0.00,0,0.00,0,0.00,0,0.00,0,B
2016-1-4,09:50:16,3488.43,172266,32104562,240214016,0.00,4157870,0.00,0,0.00,0,0.00,0,0.00,0,0.00,2644390,0.00,0,0.00,0,0.00,0,0.00,0,B
2016-1-4,09:50:21,3488.30,136956,32241518,191004672,0.00,4170534,0.00,0,0.00,0,0.00,0,0.00,0,0.00,2673437,0.00,0,0.00,0,0.00,0,0.00,0,B
2016-1-4,09:50:25,3488.39,133266,32374784,188829696,0.00,4179401,0.00,0,0.00,0,0.00,0,0.00,0,0.00,2674404,0.00,0,0.00,0,0.00,0,0.00,0,B
2016-1-4,09:50:31,3488.25,158192,32532976,225464320,0.00,4210739,0.00,0,0.00,0,0.00,0,0.00,0,0.00,2674681,0.00,0,0.00,0,0.00,0,0.00,0,B
2016-1-4,09:50:36,3487.81,155462,32688438,203948032,0.00,4217702,0.00,0,0.00,0,0.00,0,0.00,0,0.00,2664630,0.00,0,0.00,0,0.00,0,0.00,0,B
2016-1-4,09:50:40,3487.91,123844,32812282,174833664,0.00,4216289,0.00,0,0.00,0,0.00,0,0.00,0,0.00,2666096,0.00,0,0.00,0,0.00,0,0.00,0,B
2016-1-4,09:50:46,3487.73,187294,32999576,249434112,0.00,4212673,0.00,0,0.00,0,0.00,0,0.00,0,0.00,2653873,0.00,0,0.00,0,0.00,0,0.00,0,B
2016-1-4,09:50:51,3488.26,156526,33156102,198942720,0.00,4210511,0.00,0,0.00,0,0.00,0,0.00,0,0.00,2658922,0.00,0,0.00,0,0.00,0,0.00,0,B
2016-1-4,09:50:55,3487.84,140194,33296296,179548160,0.00,4219153,0.00,0,0.00,0,0.00,0,0.00,0,0.00,2644650,0.00,0,0.00,0,0.00,0,0.00,0,B
2016-1-4,09:51:01,3487.21,178832,33475128,225140736,0.00,4224797,0.00,0,0.00,0,0.00,0,0.00,0,0.00,2649757,0.00,0,0.00,0,0.00,0,0.00,0,B
2016-1-4,09:51:06,3487.29,152760,33627888,209952768,0.00,4231190,0.00,0,0.00,0,0.00,0,0.00,0,0.00,2666330,0.00,0,0.00,0,0.00,0,0.00,0,B
2016-1-4,09:51:10,3487.53,145012,33772900,183775232,0.00,4215884,0.00,0,0.00,0,0.00,0,0.00,0,0.00,2680693,0.00,0,0.00,0,0.00,0,0.00,0,B
2016-1-4,09:51:16,3487.21,161600,33934500,215232512,0.00,4221032,0.00,0,0.00,0,0.00,0,0.00,0,0.00,2682014,0.00,0,0.00,0,0.00,0,0.00,0,B
2016-1-4,09:51:21,3487.30,143908,34078408,187875328,0.00,4257259,0.00,0,0.00,0,0.00,0,0.00,0,0.00,2669252,0.00,0,0.00,0,0.00,0,0.00,0,B
2016-1-4,09:51:25,3486.73,136416,34214824,175460352,0.00,4264474,0.00,0,0.00,0,0.00,0,0.00,0,0.00,2673474,0.00,0,0.00,0,0.00,0,0.00,0,B
2016-1-4,09:51:31,3487.05,155576,34370400,215924736,0.00,4297316,0.00,0,0.00,0,0.00,0,0.00,0,0.00,2662045,0.00,0,0.00,0,0.00,0,0.00,0,B
2016-1-4,09:51:36,3486.85,142604,34513004,193056768,0.00,4305295,0.00,0,0.00,0,0.00,0,0.00,0,0.00,2651707,0.00,0,0.00,0,0.00,0,0.00,0,B
2016-1-4,09:51:40,3486.92,124444,34637448,169488384,0.00,4307795,0.00,0,0.00,0,0.00,0,0.00,0,0.00,2663188,0.00,0,0.00,0,0.00,0,0.00,0,B
2016-1-4,09:51:46,3487.03,156504,34793952,208232448,0.00,4328051,0.00,0,0.00,0,0.00,0,0.00,0,0.00,2658367,0.00,0,0.00,0,0.00,0,0.00,0,B
2016-1-4,09:51:51,3486.51,144920,34938872,193306624,0.00,4332070,0.00,0,0.00,0,0.00,0,0.00,0,0.00,2674780,0.00,0,0.00,0,0.00,0,0.00,0,B
2016-1-4,09:51:55,3486.52,126276,35065148,162336768,0.00,4312749,0.00,0,0.00,0,0.00,0,0.00,0,0.00,2672680,0.00,0,0.00,0,0.00,0,0.00,0,B
2016-1-4,09:52:01,3486.65,144100,35209248,203206656,0.00,4363415,0.00,0,0.00,0,0.00,0,0.00,0,0.00,2646918,0.00,0,0.00,0,0.00,0,0.00,0,B
2016-1-4,09:52:06,3487.39,134444,35343692,176291840,0.00,4337217,0.00,0,0.00,0,0.00,0,0.00,0,0.00,2637226,0.00,0,0.00,0,0.00,0,0.00,0,B
2016-1-4,09:52:11,3487.04,113172,35456864,156225536,0.00,4375952,0.00,0,0.00,0,0.00,0,0.00,0,0.00,2650533,0.00,0,0.00,0,0.00,0,0.00,0,B
2016-1-4,09:52:16,3487.03,149324,35606188,193781760,0.00,4380386,0.00,0,0.00,0,0.00,0,0.00,0,0.00,2644403,0.00,0,0.00,0,0.00,0,0.00,0,B
2016-1-4,09:52:21,3487.05,121428,35727616,167452672,0.00,4412787,0.00,0,0.00,0,0.00,0,0.00,0,0.00,2650560,0.00,0,0.00,0,0.00,0,0.00,0,B
2016-1-4,09:52:26,3487.38,121632,35849248,173010944,0.00,4407752,0.00,0,0.00,0,0.00,0,0.00,0,0.00,2635269,0.00,0,0.00,0,0.00,0,0.00,0,B
2016-1-4,09:52:31,3487.54,150416,35999664,195842048,0.00,4408548,0.00,0,0.00,0,0.00,0,0.00,0,0.00,2649456,0.00,0,0.00,0,0.00,0,0.00,0,B
2016-1-4,09:52:36,3487.38,112640,36112304,158023680,0.00,4431333,0.00,0,0.00,0,0.00,0,0.00,0,0.00,2655623,0.00,0,0.00,0,0.00,0,0.00,0,B
2016-1-4,09:52:41,3487.90,123216,36235520,161779712,0.00,4422779,0.00,0,0.00,0,0.00,0,0.00,0,0.00,2629652,0.00,0,0.00,0,0.00,0,0.00,0,B
2016-1-4,09:52:46,3488.64,172744,36408264,204812288,0.00,4417278,0.00,0,0.00,0,0.00,0,0.00,0,0.00,2632433,0.00,0,0.00,0,0.00,0,0.00,0,B
2016-1-4,09:52:51,3488.47,121112,36529376,162099200,0.00,4429201,0.00,0,0.00,0,0.00,0,0.00,0,0.00,2614620,0.00,0,0.00,0,0.00,0,0.00,0,B
2016-1-4,09:52:55,3488.86,125120,36654496,155398144,0.00,4420635,0.00,0,0.00,0,0.00,0,0.00,0,0.00,2624754,0.00,0,0.00,0,0.00,0,0.00,0,B
2016-1-4,09:53:01,3489.20,141132,36795628,201408512,0.00,4439261,0.00,0,0.00,0,0.00,0,0.00,0,0.00,2626438,0.00,0,0.00,0,0.00,0,0.00,0,B
2016-1-4,09:53:06,3489.59,122620,36918248,177627136,0.00,4453723,0.00,0,0.00,0,0.00,0,0.00,0,0.00,2567095,0.00,0,0.00,0,0.00,0,0.00,0,B
2016-1-4,09:53:11,3489.83,105744,37023992,141422592,0.00,4443898,0.00,0,0.00,0,0.00,0,0.00,0,0.00,2569273,0.00,0,0.00,0,0.00,0,0.00,0,B
2016-1-4,09:53:16,3489.70,120532,37144524,167927808,0.00,4461837,0.00,0,0.00,0,0.00,0,0.00,0,0.00,2616281,0.00,0,0.00,0,0.00,0,0.00,0,B
2016-1-4,09:53:21,3489.94,120340,37264864,161144832,0.00,4479810,0.00,0,0.00,0,0.00,0,0.00,0,0.00,2575646,0.00,0,0.00,0,0.00,0,0.00,0,B
2016-1-4,09:53:26,3490.60,111696,37376560,152711168,0.00,4503854,0.00,0,0.00,0,0.00,0,0.00,0,0.00,2651961,0.00,0,0.00,0,0.00,0,0.00,0,B
2016-1-4,09:53:31,3490.94,128952,37505512,189927424,0.00,4519393,0.00,0,0.00,0,0.00,0,0.00,0,0.00,2631008,0.00,0,0.00,0,0.00,0,0.00,0,B
2016-1-4,09:53:36,3491.39,104536,37610048,153686016,0.00,4536342,0.00,0,0.00,0,0.00,0,0.00,0,0.00,2608487,0.00,0,0.00,0,0.00,0,0.00,0,B
2016-1-4,09:53:41,3491.87,102828,37712876,158556160,0.00,4561817,0.00,0,0.00,0,0.00,0,0.00,0,0.00,2618812,0.00,0,0.00,0,0.00,0,0.00,0,B
2016-1-4,09:53:46,3492.25,122976,37835852,182497280,0.00,4552896,0.00,0,0.00,0,0.00,0,0.00,0,0.00,2631284,0.00,0,0.00,0,0.00,0,0.00,0,B
2016-1-4,09:53:51,3492.67,115128,37950980,156377088,0.00,4548383,0.00,0,0.00,0,0.00,0,0.00,0,0.00,2645714,0.00,0,0.00,0,0.00,0,0.00,0,B
2016-1-4,09:53:56,3492.61,94560,38045540,148021248,0.00,4557798,0.00,0,0.00,0,0.00,0,0.00,0,0.00,2654403,0.00,0,0.00,0,0.00,0,0.00,0,B
2016-1-4,09:54:01,3492.82,117996,38163536,162054144,0.00,4574072,0.00,0,0.00,0,0.00,0,0.00,0,0.00,2631454,0.00,0,0.00,0,0.00,0,0.00,0,B
2016-1-4,09:54:06,3493.70,105640,38269176,154599424,0.00,4551551,0.00,0,0.00,0,0.00,0,0.00,0,0.00,2623434,0.00,0,0.00,0,0.00,0,0.00,0,B
2016-1-4,09:54:11,3493.16,102772,38371948,177446912,0.00,4533591,0.00,0,0.00,0,0.00,0,0.00,0,0.00,2657600,0.00,0,0.00,0,0.00,0,0.00,0,B
2016-1-4,09:54:16,3494.35,132040,38503988,185966592,0.00,4536905,0.00,0,0.00,0,0.00,0,0.00,0,0.00,2653138,0.00,0,0.00,0,0.00,0,0.00,0,B
2016-1-4,09:54:21,3493.99,110900,38614888,148668416,0.00,4522200,0.00,0,0.00,0,0.00,0,0.00,0,0.00,2663182,0.00,0,0.00,0,0.00,0,0.00,0,B
2016-1-4,09:54:26,3494.54,84432,38699320,126771200,0.00,4545358,0.00,0,0.00,0,0.00,0,0.00,0,0.00,2671661,0.00,0,0.00,0,0.00,0,0.00,0,B
2016-1-4,09:54:31,3495.04,117524,38816844,178241536,0.00,4554968,0.00,0,0.00,0,0.00,0,0.00,0,0.00,2677367,0.00,0,0.00,0,0.00,0,0.00,0,B
2016-1-4,09:54:36,3494.45,107436,38924280,143990784,0.00,4505877,0.00,0,0.00,0,0.00,0,0.00,0,0.00,2665991,0.00,0,0.00,0,0.00,0,0.00,0,B
2016-1-4,09:54:41,3494.61,93504,39017784,130060288,0.00,4493183,0.00,0,0.00,0,0.00,0,0.00,0,0.00,2646182,0.00,0,0.00,0,0.00,0,0.00,0,B
2016-1-4,09:54:46,3496.07,131480,39149264,233885696,0.00,4483723,0.00,0,0.00,0,0.00,0,0.00,0,0.00,2645343,0.00,0,0.00,0,0.00,0,0.00,0,B
2016-1-4,09:54:51,3496.47,100968,39250232,141090816,0.00,4510641,0.00,0,0.00,0,0.00,0,0.00,0,0.00,2603867,0.00,0,0.00,0,0.00,0,0.00,0,B
2016-1-4,09:54:56,3495.84,87340,39337572,125419520,0.00,4515079,0.00,0,0.00,0,0.00,0,0.00,0,0.00,2584875,0.00,0,0.00,0,0.00,0,0.00,0,B
2016-1-4,09:55:01,3495.35,129840,39467412,166039552,0.00,4500563,0.00,0,0.00,0,0.00,0,0.00,0,0.00,2613908,0.00,0,0.00,0,0.00,0,0.00,0,B
2016-1-4,09:55:06,3496.17,117568,39584980,158195712,0.00,4500436,0.00,0,0.00,0,0.00,0,0.00,0,0.00,2605287,0.00,0,0.00,0,0.00,0,0.00,0,B
2016-1-4,09:55:11,3495.66,104996,39689976,143048704,0.00,4500754,0.00,0,0.00,0,0.00,0,0.00,0,0.00,2617243,0.00,0,0.00,0,0.00,0,0.00,0,B
2016-1-4,09:55:16,3496.46,126132,39816108,165683200,0.00,4498555,0.00,0,0.00,0,0.00,0,0.00,0,0.00,2621018,0.00,0,0.00,0,0.00,0,0.00,0,B
2016-1-4,09:55:21,3495.74,99336,39915444,135196672,0.00,4444045,0.00,0,0.00,0,0.00,0,0.00,0,0.00,2643033,0.00,0,0.00,0,0.00,0,0.00,0,B
2016-1-4,09:55:26,3496.63,90332,40005776,140177408,0.00,4498719,0.00,0,0.00,0,0.00,0,0.00,0,0.00,2629607,0.00,0,0.00,0,0.00,0,0.00,0,B
2016-1-4,09:55:31,3496.03,118856,40124632,174645248,0.00,4547407,0.00,0,0.00,0,0.00,0,0.00,0,0.00,2655355,0.00,0,0.00,0,0.00,0,0.00,0,B
2016-1-4,09:55:36,3496.27,101048,40225680,144027648,0.00,4541872,0.00,0,0.00,0,0.00,0,0.00,0,0.00,2649566,0.00,0,0.00,0,0.00,0,0.00,0,B
2016-1-4,09:55:41,3495.95,101568,40327248,144633856,0.00,4569132,0.00,0,0.00,0,0.00,0,0.00,0,0.00,2666204,0.00,0,0.00,0,0.00,0,0.00,0,B
2016-1-4,09:55:46,3495.41,131756,40459004,169271296,0.00,4578698,0.00,0,0.00,0,0.00,0,0.00,0,0.00,2648010,0.00,0,0.00,0,0.00,0,0.00,0,B
2016-1-4,09:55:51,3495.80,100704,40559708,136695808,0.00,4579586,0.00,0,0.00,0,0.00,0,0.00,0,0.00,2667413,0.00,0,0.00,0,0.00,0,0.00,0,B
2016-1-4,09:55:56,3495.08,96840,40656548,137056256,0.00,4582308,0.00,0,0.00,0,0.00,0,0.00,0,0.00,2679711,0.00,0,0.00,0,0.00,0,0.00,0,B
2016-1-4,09:56:01,3495.41,110820,40767368,149213184,0.00,4564275,0.00,0,0.00,0,0.00,0,0.00,0,0.00,2688570,0.00,0,0.00,0,0.00,0,0.00,0,B
2016-1-4,09:56:06,3495.68,122056,40889424,144076800,0.00,4546899,0.00,0,0.00,0,0.00,0,0.00,0,0.00,2722886,0.00,0,0.00,0,0.00,0,0.00,0,B
2016-1-4,09:56:11,3495.12,91712,40981136,135856128,0.00,4552848,0.00,0,0.00,0,0.00,0,0.00,0,0.00,2751568,0.00,0,0.00,0,0.00,0,0.00,0,B
2016-1-4,09:56:16,3495.41,126808,41107944,162746368,0.00,4596186,0.00,0,0.00,0,0.00,0,0.00,0,0.00,2756761,0.00,0,0.00,0,0.00,0,0.00,0,B
2016-1-4,09:56:21,3494.46,113476,41221420,161046528,0.00,4600120,0.00,0,0.00,0,0.00,0,0.00,0,0.00,2780505,0.00,0,0.00,0,0.00,0,0.00,0,B
2016-1-4,09:56:26,3494.72,92008,41313428,124768256,0.00,4595732,0.00,0,0.00,0,0.00,0,0.00,0,0.00,2785971,0.00,0,0.00,0,0.00,0,0.00,0,B
2016-1-4,09:56:31,3494.07,136520,41449948,192405504,0.00,4577382,0.00,0,0.00,0,0.00,0,0.00,0,0.00,2786464,0.00,0,0.00,0,0.00,0,0.00,0,B
2016-1-4,09:56:36,3494.50,130284,41580232,174891008,0.00,4613177,0.00,0,0.00,0,0.00,0,0.00,0,0.00,2810325,0.00,0,0.00,0,0.00,0,0.00,0,B
2016-1-4,09:56:41,3493.93,106776,41687008,151822336,0.00,4639664,0.00,0,0.00,0,0.00,0,0.00,0,0.00,2786744,0.00,0,0.00,0,0.00,0,0.00,0,B
2016-1-4,09:56:46,3492.81,141884,41828892,169984000,0.00,4626502,0.00,0,0.00,0,0.00,0,0.00,0,0.00,2805362,0.00,0,0.00,0,0.00,0,0.00,0,B
2016-1-4,09:56:51,3492.93,103684,41932576,153042944,0.00,4674156,0.00,0,0.00,0,0.00,0,0.00,0,0.00,2817027,0.00,0,0.00,0,0.00,0,0.00,0,B
2016-1-4,09:56:56,3492.54,96164,42028740,132505600,0.00,4666355,0.00,0,0.00,0,0.00,0,0.00,0,0.00,2817420,0.00,0,0.00,0,0.00,0,0.00,0,B
2016-1-4,09:57:01,3492.50,106268,42135008,150917120,0.00,4698545,0.00,0,0.00,0,0.00,0,0.00,0,0.00,2838105,0.00,0,0.00,0,0.00,0,0.00,0,B
2016-1-4,09:57:06,3492.09,110904,42245912,140599296,0.00,4750342,0.00,0,0.00,0,0.00,0,0.00,0,0.00,2811756,0.00,0,0.00,0,0.00,0,0.00,0,B
2016-1-4,09:57:11,3492.79,96520,42342432,135413760,0.00,4728198,0.00,0,0.00,0,0.00,0,0.00,0,0.00,2826480,0.00,0,0.00,0,0.00,0,0.00,0,B
2016-1-4,09:57:16,3491.59,138192,42480624,183316480,0.00,4695426,0.00,0,0.00,0,0.00,0,0.00,0,0.00,2808810,0.00,0,0.00,0,0.00,0,0.00,0,B
2016-1-4,09:57:21,3491.50,88780,42569404,123899904,0.00,4709783,0.00,0,0.00,0,0.00,0,0.00,0,0.00,2778504,0.00,0,0.00,0,0.00,0,0.00,0,B
2016-1-4,09:57:26,3491.28,103516,42672920,147525632,0.00,4697004,0.00,0,0.00,0,0.00,0,0.00,0,0.00,2770064,0.00,0,0.00,0,0.00,0,0.00,0,B
2016-1-4,09:57:31,3491.62,109788,42782708,148406272,0.00,4676357,0.00,0,0.00,0,0.00,0,0.00,0,0.00,2794746,0.00,0,0.00,0,0.00,0,0.00,0,B
2016-1-4,09:57:36,3491.45,101364,42884072,140472320,0.00,4721887,0.00,0,0.00,0,0.00,0,0.00,0,0.00,2782237,0.00,0,0.00,0,0.00,0,0.00,0,B
2016-1-4,09:57:41,3490.69,78256,42962328,117428224,0.00,4770875,0.00,0,0.00,0,0.00,0,0.00,0,0.00,2799138,0.00,0,0.00,0,0.00,0,0.00,0,B
2016-1-4,09:57:46,3490.99,107144,43069472,142266368,0.00,4778414,0.00,0,0.00,0,0.00,0,0.00,0,0.00,2736146,0.00,0,0.00,0,0.00,0,0.00,0,B
2016-1-4,09:57:51,3490.69,101012,43170484,142516224,0.00,4783921,0.00,0,0.00,0,0.00,0,0.00,0,0.00,2722027,0.00,0,0.00,0,0.00,0,0.00,0,B
2016-1-4,09:57:56,3490.34,91744,43262228,131977216,0.00,4805716,0.00,0,0.00,0,0.00,0,0.00,0,0.00,2711996,0.00,0,0.00,0,0.00,0,0.00,0,B
2016-1-4,09:58:01,3490.06,106300,43368528,149987328,0.00,4801132,0.00,0,0.00,0,0.00,0,0.00,0,0.00,2711243,0.00,0,0.00,0,0.00,0,0.00,0,B
2016-1-4,09:58:06,3490.43,98896,43467424,141565952,0.00,4805453,0.00,0,0.00,0,0.00,0,0.00,0,0.00,2705383,0.00,0,0.00,0,0.00,0,0.00,0,B
2016-1-4,09:58:11,3490.39,82216,43549640,124420096,0.00,4818929,0.00,0,0.00,0,0.00,0,0.00,0,0.00,2713124,0.00,0,0.00,0,0.00,0,0.00,0,B
2016-1-4,09:58:16,3490.29,112668,43662308,166465536,0.00,4814321,0.00,0,0.00,0,0.00,0,0.00,0,0.00,2732767,0.00,0,0.00,0,0.00,0,0.00,0,B
2016-1-4,09:58:21,3490.68,140788,43803096,169185280,0.00,4793068,0.00,0,0.00,0,0.00,0,0.00,0,0.00,2723002,0.00,0,0.00,0,0.00,0,0.00,0,B
2016-1-4,09:58:26,3491.43,88940,43892036,123809792,0.00,4790598,0.00,0,0.00,0,0.00,0,0.00,0,0.00,2705468,0.00,0,0.00,0,0.00,0,0.00,0,B
2016-1-4,09:58:31,3490.85,109428,44001464,162967552,0.00,4786369,0.00,0,0.00,0,0.00,0,0.00,0,0.00,2699425,0.00,0,0.00,0,0.00,0,0.00,0,B
2016-1-4,09:58:36,3490.73,89988,44091452,129003520,0.00,4787416,0.00,0,0.00,0,0.00,0,0.00,0,0.00,2698643,0.00,0,0.00,0,0.00,0,0.00,0,B
2016-1-4,09:58:41,3491.19,84628,44176080,125648896,0.00,4803510,0.00,0,0.00,0,0.00,0,0.00,0,0.00,2741554,0.00,0,0.00,0,0.00,0,0.00,0,B
2016-1-4,09:58:46,3491.07,97588,44273668,136138752,0.00,4800078,0.00,0,0.00,0,0.00,0,0.00,0,0.00,2740719,0.00,0,0.00,0,0.00,0,0.00,0,B
2016-1-4,09:58:51,3491.56,109364,44383032,148635648,0.00,4804470,0.00,0,0.00,0,0.00,0,0.00,0,0.00,2732896,0.00,0,0.00,0,0.00,0,0.00,0,B
2016-1-4,09:58:56,3490.74,77196,44460228,113889280,0.00,4793965,0.00,0,0.00,0,0.00,0,0.00,0,0.00,2739699,0.00,0,0.00,0,0.00,0,0.00,0,B
2016-1-4,09:59:02,3491.48,118612,44578840,167010304,0.00,4806389,0.00,0,0.00,0,0.00,0,0.00,0,0.00,2746063,0.00,0,0.00,0,0.00,0,0.00,0,B
2016-1-4,09:59:06,3491.90,90128,44668968,121536512,0.00,4800657,0.00,0,0.00,0,0.00,0,0.00,0,0.00,2759327,0.00,0,0.00,0,0.00,0,0.00,0,B
2016-1-4,09:59:11,3491.74,87480,44756448,132255744,0.00,4798978,0.00,0,0.00,0,0.00,0,0.00,0,0.00,2727271,0.00,0,0.00,0,0.00,0,0.00,0,B
2016-1-4,09:59:16,3491.43,97164,44853612,145051648,0.00,4795448,0.00,0,0.00,0,0.00,0,0.00,0,0.00,2734864,0.00,0,0.00,0,0.00,0,0.00,0,B
2016-1-4,09:59:21,3492.53,84220,44937832,116195328,0.00,4804596,0.00,0,0.00,0,0.00,0,0.00,0,0.00,2748649,0.00,0,0.00,0,0.00,0,0.00,0,B
2016-1-4,09:59:26,3492.13,81344,45019176,121643008,0.00,4808261,0.00,0,0.00,0,0.00,0,0.00,0,0.00,2744853,0.00,0,0.00,0,0.00,0,0.00,0,B
2016-1-4,09:59:31,3492.65,104140,45123316,144539648,0.00,4814158,0.00,0,0.00,0,0.00,0,0.00,0,0.00,2728646,0.00,0,0.00,0,0.00,0,0.00,0,B
2016-1-4,09:59:37,3492.95,100808,45224124,150421504,0.00,4818687,0.00,0,0.00,0,0.00,0,0.00,0,0.00,2712524,0.00,0,0.00,0,0.00,0,0.00,0,B
2016-1-4,09:59:41,3493.29,60204,45284328,85090304,0.00,4822170,0.00,0,0.00,0,0.00,0,0.00,0,0.00,2709828,0.00,0,0.00,0,0.00,0,0.00,0,B
2016-1-4,09:59:47,3493.20,94204,45378532,134672384,0.00,4794538,0.00,0,0.00,0,0.00,0,0.00,0,0.00,2721826,0.00,0,0.00,0,0.00,0,0.00,0,B
2016-1-4,09:59:52,3493.27,101344,45479876,139735040,0.00,4784391,0.00,0,0.00,0,0.00,0,0.00,0,0.00,2722268,0.00,0,0.00,0,0.00,0,0.00,0,B
2016-1-4,09:59:56,3493.39,57056,45536932,84697088,0.00,4820120,0.00,0,0.00,0,0.00,0,0.00,0,0.00,2751080,0.00,0,0.00,0,0.00,0,0.00,0,B
2016-1-4,10:00:01,3493.68,87460,45624392,129921024,0.00,4813849,0.00,0,0.00,0,0.00,0,0.00,0,0.00,2750346,0.00,0,0.00,0,0.00,0,0.00,0,B
2016-1-4,10:00:07,3493.89,113116,45737508,162443264,0.00,4832148,0.00,0,0.00,0,0.00,0,0.00,0,0.00,2740179,0.00,0,0.00,0,0.00,0,0.00,0,B
2016-1-4,10:00:12,3493.62,105332,45842840,142352384,0.00,4794491,0.00,0,0.00,0,0.00,0,0.00,0,0.00,2736189,0.00,0,0.00,0,0.00,0,0.00,0,B
2016-1-4,10:00:17,3494.01,80636,45923476,124862464,0.00,4806585,0.00,0,0.00,0,0.00,0,0.00,0,0.00,2726531,0.00,0,0.00,0,0.00,0,0.00,0,B
2016-1-4,10:00:22,3493.00,116044,46039520,163991552,0.00,4846579,0.00,0,0.00,0,0.00,0,0.00,0,0.00,2722848,0.00,0,0.00,0,0.00,0,0.00,0,B
2016-1-4,10:00:27,3493.23,101560,46141080,144777216,0.00,4893863,0.00,0,0.00,0,0.00,0,0.00,0,0.00,2709250,0.00,0,0.00,0,0.00,0,0.00,0,B
2016-1-4,10:00:32,3493.56,94376,46235456,148275200,0.00,4882170,0.00,0,0.00,0,0.00,0,0.00,0,0.00,2711268,0.00,0,0.00,0,0.00,0,0.00,0,B
2016-1-4,10:00:37,3493.66,105432,46340888,148574208,0.00,4912871,0.00,0,0.00,0,0.00,0,0.00,0,0.00,2726000,0.00,0,0.00,0,0.00,0,0.00,0,B
2016-1-4,10:00:42,3493.52,114248,46455136,162062336,0.00,4895658,0.00,0,0.00,0,0.00,0,0.00,0,0.00,2740583,0.00,0,0.00,0,0.00,0,0.00,0,B
2016-1-4,10:00:47,3493.05,85672,46540808,126472192,0.00,4919559,0.00,0,0.00,0,0.00,0,0.00,0,0.00,2743571,0.00,0,0.00,0,0.00,0,0.00,0,B
2016-1-4,10:00:52,3492.55,126676,46667484,159096832,0.00,4903215,0.00,0,0.00,0,0.00,0,0.00,0,0.00,2747324,0.00,0,0.00,0,0.00,0,0.00,0,B
2016-1-4,10:00:57,3492.20,103876,46771360,151662592,0.00,4919829,0.00,0,0.00,0,0.00,0,0.00,0,0.00,2768197,0.00,0,0.00,0,0.00,0,0.00,0,B
2016-1-4,10:01:02,3492.37,90648,46862008,124502016,0.00,4938416,0.00,0,0.00,0,0.00,0,0.00,0,0.00,2750717,0.00,0,0.00,0,0.00,0,0.00,0,B
2016-1-4,10:01:07,3492.49,122080,46984088,160342016,0.00,4937838,0.00,0,0.00,0,0.00,0,0.00,0,0.00,2767737,0.00,0,0.00,0,0.00,0,0.00,0,B
2016-1-4,10:01:12,3492.55,110636,47094724,153866240,0.00,4973651,0.00,0,0.00,0,0.00,0,0.00,0,0.00,2711921,0.00,0,0.00,0,0.00,0,0.00,0,B
2016-1-4,10:01:17,3492.15,90348,47185072,130699264,0.00,4979824,0.00,0,0.00,0,0.00,0,0.00,0,0.00,2716098,0.00,0,0.00,0,0.00,0,0.00,0,B
2016-1-4,10:01:22,3492.06,94252,47279324,137601024,0.00,5012019,0.00,0,0.00,0,0.00,0,0.00,0,0.00,2738767,0.00,0,0.00,0,0.00,0,0.00,0,B
2016-1-4,10:01:27,3491.43,100568,47379892,145285120,0.00,5027049,0.00,0,0.00,0,0.00,0,0.00,0,0.00,2718740,0.00,0,0.00,0,0.00,0,0.00,0,B
2016-1-4,10:01:32,3491.31,123856,47503748,150921216,0.00,5006599,0.00,0,0.00,0,0.00,0,0.00,0,0.00,2727621,0.00,0,0.00,0,0.00,0,0.00,0,B
2016-1-4,10:01:37,3491.34,123468,47627216,180957184,0.00,5042208,0.00,0,0.00,0,0.00,0,0.00,0,0.00,2716674,0.00,0,0.00,0,0.00,0,0.00,0,B
2016-1-4,10:01:42,3490.45,101912,47729128,143990784,0.00,5050493,0.00,0,0.00,0,0.00,0,0.00,0,0.00,2724366,0.00,0,0.00,0,0.00,0,0.00,0,B
2016-1-4,10:01:47,3490.79,90320,47819448,121389056,0.00,5047926,0.00,0,0.00,0,0.00,0,0.00,0,0.00,2719791,0.00,0,0.00,0,0.00,0,0.00,0,B
2016-1-4,10:01:52,3490.00,114232,47933680,154976256,0.00,5029460,0.00,0,0.00,0,0.00,0,0.00,0,0.00,2759887,0.00,0,0.00,0,0.00,0,0.00,0,B
2016-1-4,10:01:57,3489.88,108360,48042040,154574848,0.00,5033926,0.00,0,0.00,0,0.00,0,0.00,0,0.00,2744492,0.00,0,0.00,0,0.00,0,0.00,0,B
2016-1-4,10:02:02,3489.85,113388,48155428,134111232,0.00,5036267,0.00,0,0.00,0,0.00,0,0.00,0,0.00,2767705,0.00,0,0.00,0,0.00,0,0.00,0,B
2016-1-4,10:02:07,3489.51,126664,48282092,178110464,0.00,5058544,0.00,0,0.00,0,0.00,0,0.00,0,0.00,2751175,0.00,0,0.00,0,0.00,0,0.00,0,B
2016-1-4,10:02:12,3489.11,113680,48395772,180707328,0.00,5048688,0.00,0,0.00,0,0.00,0,0.00,0,0.00,2755966,0.00,0,0.00,0,0.00,0,0.00,0,B
2016-1-4,10:02:17,3488.86,129156,48524928,163028992,0.00,5031161,0.00,0,0.00,0,0.00,0,0.00,0,0.00,2776133,0.00,0,0.00,0,0.00,0,0.00,0,B
2016-1-4,10:02:22,3488.00,124256,48649184,182706176,0.00,5021001,0.00,0,0.00,0,0.00,0,0.00,0,0.00,2814888,0.00,0,0.00,0,0.00,0,0.00,0,B
2016-1-4,10:02:27,3487.93,128624,48777808,156991488,0.00,5009053,0.00,0,0.00,0,0.00,0,0.00,0,0.00,2811664,0.00,0,0.00,0,0.00,0,0.00,0,B
2016-1-4,10:02:32,3488.54,99856,48877664,147087360,0.00,5009480,0.00,0,0.00,0,0.00,0,0.00,0,0.00,2797675,0.00,0,0.00,0,0.00,0,0.00,0,B
2016-1-4,10:02:37,3487.27,141000,49018664,182419456,0.00,4991654,0.00,0,0.00,0,0.00,0,0.00,0,0.00,2797325,0.00,0,0.00,0,0.00,0,0.00,0,B
2016-1-4,10:02:42,3487.14,131744,49150408,164839424,0.00,4995788,0.00,0,0.00,0,0.00,0,0.00,0,0.00,2794546,0.00,0,0.00,0,0.00,0,0.00,0,B
2016-1-4,10:02:47,3486.72,120660,49271068,145702912,0.00,4980021,0.00,0,0.00,0,0.00,0,0.00,0,0.00,2784282,0.00,0,0.00,0,0.00,0,0.00,0,B
2016-1-4,10:02:52,3486.52,140628,49411696,185221120,0.00,4984937,0.00,0,0.00,0,0.00,0,0.00,0,0.00,2784277,0.00,0,0.00,0,0.00,0,0.00,0,B
2016-1-4,10:02:57,3485.62,124788,49536484,171958272,0.00,5020168,0.00,0,0.00,0,0.00,0,0.00,0,0.00,2722274,0.00,0,0.00,0,0.00,0,0.00,0,B
2016-1-4,10:03:02,3485.76,110296,49646780,149323776,0.00,5021486,0.00,0,0.00,0,0.00,0,0.00,0,0.00,2740283,0.00,0,0.00,0,0.00,0,0.00,0,B
2016-1-4,10:03:07,3485.14,152724,49799504,204251136,0.00,4995317,0.00,0,0.00,0,0.00,0,0.00,0,0.00,2749241,0.00,0,0.00,0,0.00,0,0.00,0,B
2016-1-4,10:03:12,3484.60,108064,49907568,158064640,0.00,5026742,0.00,0,0.00,0,0.00,0,0.00,0,0.00,2772041,0.00,0,0.00,0,0.00,0,0.00,0,B
2016-1-4,10:03:17,3484.34,93008,50000576,131833856,0.00,5036199,0.00,0,0.00,0,0.00,0,0.00,0,0.00,2776678,0.00,0,0.00,0,0.00,0,0.00,0,B
2016-1-4,10:03:22,3483.80,144680,50145256,201359360,0.00,5032014,0.00,0,0.00,0,0.00,0,0.00,0,0.00,2778735,0.00,0,0.00,0,0.00,0,0.00,0,B
2016-1-4,10:03:27,3483.68,130708,50275964,185982976,0.00,5013902,0.00,0,0.00,0,0.00,0,0.00,0,0.00,2777533,0.00,0,0.00,0,0.00,0,0.00,0,B
2016-1-4,10:03:32,3483.45,119076,50395040,170147840,0.00,5023368,0.00,0,0.00,0,0.00,0,0.00,0,0.00,2787479,0.00,0,0.00,0,0.00,0,0.00,0,B
2016-1-4,10:03:37,3482.30,145812,50540852,194740224,0.00,5046044,0.00,0,0.00,0,0.00,0,0.00,0,0.00,2781446,0.00,0,0.00,0,0.00,0,0.00,0,B
2016-1-4,10:03:42,3482.06,143128,50683980,195887104,0.00,5013193,0.00,0,0.00,0,0.00,0,0.00,0,0.00,2814519,0.00,0,0.00,0,0.00,0,0.00,0,B
2016-1-4,10:03:47,3481.31,144976,50828956,174481408,0.00,4990067,0.00,0,0.00,0,0.00,0,0.00,0,0.00,2823711,0.00,0,0.00,0,0.00,0,0.00,0,B
2016-1-4,10:03:52,3481.14,169836,50998792,208347136,0.00,4968632,0.00,0,0.00,0,0.00,0,0.00,0,0.00,2856448,0.00,0,0.00,0,0.00,0,0.00,0,B
2016-1-4,10:03:57,3480.53,157764,51156556,201654272,0.00,4974323,0.00,0,0.00,0,0.00,0,0.00,0,0.00,2848221,0.00,0,0.00,0,0.00,0,0.00,0,B
2016-1-4,10:04:02,3480.02,136372,51292928,181338112,0.00,4957267,0.00,0,0.00,0,0.00,0,0.00,0,0.00,2864006,0.00,0,0.00,0,0.00,0,0.00,0,B
2016-1-4,10:04:07,3479.19,168076,51461004,206635008,0.00,4920483,0.00,0,0.00,0,0.00,0,0.00,0,0.00,2839977,0.00,0,0.00,0,0.00,0,0.00,0,B
2016-1-4,10:04:12,3478.89,142964,51603968,190537728,0.00,4896304,0.00,0,0.00,0,0.00,0,0.00,0,0.00,2877284,0.00,0,0.00,0,0.00,0,0.00,0,B
2016-1-4,10:04:17,3478.31,160360,51764328,196861952,0.00,4920015,0.00,0,0.00,0,0.00,0,0.00,0,0.00,2855102,0.00,0,0.00,0,0.00,0,0.00,0,B
2016-1-4,10:04:22,3477.38,181628,51945956,228163584,0.00,4871518,0.00,0,0.00,0,0.00,0,0.00,0,0.00,2861304,0.00,0,0.00,0,0.00,0,0.00,0,B
2016-1-4,10:04:27,3476.89,193612,52139568,234225664,0.00,4822416,0.00,0,0.00,0,0.00,0,0.00,0,0.00,2875675,0.00,0,0.00,0,0.00,0,0.00,0,B
2016-1-4,10:04:32,3476.13,155108,52294676,208125952,0.00,4820350,0.00,0,0.00,0,0.00,0,0.00,0,0.00,2872540,0.00,0,0.00,0,0.00,0,0.00,0,B
2016-1-4,10:04:37,3475.18,178676,52473352,245055488,0.00,4748579,0.00,0,0.00,0,0.00,0,0.00,0,0.00,2899573,0.00,0,0.00,0,0.00,0,0.00,0,B
2016-1-4,10:04:42,3475.21,155420,52628772,210608128,0.00,4736544,0.00,0,0.00,0,0.00,0,0.00,0,0.00,2844453,0.00,0,0.00,0,0.00,0,0.00,0,B
2016-1-4,10:04:47,3473.88,169004,52797776,193175552,0.00,4736146,0.00,0,0.00,0,0.00,0,0.00,0,0.00,2831454,0.00,0,0.00,0,0.00,0,0.00,0,B
2016-1-4,10:04:52,3473.93,180272,52978048,240386048,0.00,4705050,0.00,0,0.00,0,0.00,0,0.00,0,0.00,2867998,0.00,0,0.00,0,0.00,0,0.00,0,B
2016-1-4,10:04:57,3472.61,149704,53127752,200024064,0.00,4690456,0.00,0,0.00,0,0.00,0,0.00,0,0.00,2886202,0.00,0,0.00,0,0.00,0,0.00,0,B
2016-1-4,10:05:02,3471.95,178008,53305760,224141312,0.00,4677601,0.00,0,0.00,0,0.00,0,0.00,0,0.00,2894151,0.00,0,0.00,0,0.00,0,0.00,0,B
2016-1-4,10:05:07,3471.37,188992,53494752,258293760,0.00,4671285,0.00,0,0.00,0,0.00,0,0.00,0,0.00,2913393,0.00,0,0.00,0,0.00,0,0.00,0,B
2016-1-4,10:05:12,3471.00,153944,53648696,203964416,0.00,4615010,0.00,0,0.00,0,0.00,0,0.00,0,0.00,2901188,0.00,0,0.00,0,0.00,0,0.00,0,B
2016-1-4,10:05:17,3470.03,171864,53820560,234938368,0.00,4586318,0.00,0,0.00,0,0.00,0,0.00,0,0.00,2928348,0.00,0,0.00,0,0.00,0,0.00,0,B
2016-1-4,10:05:22,3469.24,249724,54070284,282083328,0.00,4561095,0.00,0,0.00,0,0.00,0,0.00,0,0.00,2897262,0.00,0,0.00,0,0.00,0,0.00,0,B
2016-1-4,10:05:27,3468.22,191372,54261656,246022144,0.00,4496588,0.00,0,0.00,0,0.00,0,0.00,0,0.00,2901782,0.00,0,0.00,0,0.00,0,0.00,0,B
2016-1-4,10:05:32,3468.58,199000,54460656,257892352,0.00,4485416,0.00,0,0.00,0,0.00,0,0.00,0,0.00,2890262,0.00,0,0.00,0,0.00,0,0.00,0,B
2016-1-4,10:05:37,3467.22,221056,54681712,285409280,0.00,4399140,0.00,0,0.00,0,0.00,0,0.00,0,0.00,2890449,0.00,0,0.00,0,0.00,0,0.00,0,B
2016-1-4,10:05:42,3467.44,186568,54868280,236199936,0.00,4288750,0.00,0,0.00,0,0.00,0,0.00,0,0.00,2930318,0.00,0,0.00,0,0.00,0,0.00,0,B
2016-1-4,10:05:47,3465.61,184384,55052664,261906432,0.00,4288428,0.00,0,0.00,0,0.00,0,0.00,0,0.00,2910634,0.00,0,0.00,0,0.00,0,0.00,0,B
2016-1-4,10:05:52,3464.70,256364,55309028,334323712,0.00,4183467,0.00,0,0.00,0,0.00,0,0.00,0,0.00,2940030,0.00,0,0.00,0,0.00,0,0.00,0,B
2016-1-4,10:05:57,3463.76,204436,55513464,279101440,0.00,4105496,0.00,0,0.00,0,0.00,0,0.00,0,0.00,2983182,0.00,0,0.00,0,0.00,0,0.00,0,B
2016-1-4,10:06:02,3463.35,209820,55723284,293543936,0.00,4086713,0.00,0,0.00,0,0.00,0,0.00,0,0.00,2973066,0.00,0,0.00,0,0.00,0,0.00,0,B
2016-1-4,10:06:07,3463.02,230620,55953904,309305344,0.00,4036472,0.00,0,0.00,0,0.00,0,0.00,0,0.00,2983399,0.00,0,0.00,0,0.00,0,0.00,0,B
2016-1-4,10:06:12,3462.11,177452,56131356,233594880,0.00,4031388,0.00,0,0.00,0,0.00,0,0.00,0,0.00,2982676,0.00,0,0.00,0,0.00,0,0.00,0,B
2016-1-4,10:06:17,3461.24,206036,56337392,266903552,0.00,4018687,0.00,0,0.00,0,0.00,0,0.00,0,0.00,2981483,0.00,0,0.00,0,0.00,0,0.00,0,B
2016-1-4,10:06:22,3460.77,226480,56563872,298754048,0.00,3930080,0.00,0,0.00,0,0.00,0,0.00,0,0.00,2953631,0.00,0,0.00,0,0.00,0,0.00,0,B
2016-1-4,10:06:27,3458.95,176580,56740452,219160576,0.00,3933169,0.00,0,0.00,0,0.00,0,0.00,0,0.00,2943652,0.00,0,0.00,0,0.00,0,0.00,0,B
2016-1-4,10:06:32,3459.44,209740,56950192,267436032,0.00,3916661,0.00,0,0.00,0,0.00,0,0.00,0,0.00,2886137,0.00,0,0.00,0,0.00,0,0.00,0,B
2016-1-4,10:06:37,3457.40,219792,57169984,288997376,0.00,3875142,0.00,0,0.00,0,0.00,0,0.00,0,0.00,2899874,0.00,0,0.00,0,0.00,0,0.00,0,B
2016-1-4,10:06:42,3457.01,180712,57350696,230653952,0.00,3883231,0.00,0,0.00,0,0.00,0,0.00,0,0.00,2899365,0.00,0,0.00,0,0.00,0,0.00,0,B
2016-1-4,10:06:47,3456.19,220184,57570880,282779648,0.00,3847150,0.00,0,0.00,0,0.00,0,0.00,0,0.00,2955930,0.00,0,0.00,0,0.00,0,0.00,0,B
2016-1-4,10:06:52,3455.76,277024,57847904,337149952,0.00,3763195,0.00,0,0.00,0,0.00,0,0.00,0,0.00,2946234,0.00,0,0.00,0,0.00,0,0.00,0,B
2016-1-4,10:06:57,3454.25,226288,58074192,283164672,0.00,3776800,0.00,0,0.00,0,0.00,0,0.00,0,0.00,2794077,0.00,0,0.00,0,0.00,0,0.00,0,B
2016-1-4,10:07:02,3453.66,227600,58301792,280297472,0.00,3742158,0.00,0,0.00,0,0.00,0,0.00,0,0.00,2808316,0.00,0,0.00,0,0.00,0,0.00,0,B
2016-1-4,10:07:07,3453.00,219972,58521764,286326784,0.00,3742391,0.00,0,0.00,0,0.00,0,0.00,0,0.00,2852488,0.00,0,0.00,0,0.00,0,0.00,0,B
2016-1-4,10:07:12,3452.43,174384,58696148,222552064,0.00,3747617,0.00,0,0.00,0,0.00,0,0.00,0,0.00,2814734,0.00,0,0.00,0,0.00,0,0.00,0,B
2016-1-4,10:07:17,3451.14,209376,58905524,297787392,0.00,3753822,0.00,0,0.00,0,0.00,0,0.00,0,0.00,2801533,0.00,0,0.00,0,0.00,0,0.00,0,B
2016-1-4,10:07:22,3451.03,271948,59177472,370040832,0.00,3727667,0.00,0,0.00,0,0.00,0,0.00,0,0.00,2760992,0.00,0,0.00,0,0.00,0,0.00,0,B
2016-1-4,10:07:27,3450.15,187560,59365032,268009472,0.00,3744548,0.00,0,0.00,0,0.00,0,0.00,0,0.00,2746466,0.00,0,0.00,0,0.00,0,0.00,0,B
2016-1-4,10:07:32,3449.41,237312,59602344,319176704,0.00,3737627,0.00,0,0.00,0,0.00,0,0.00,0,0.00,2755883,0.00,0,0.00,0,0.00,0,0.00,0,B
2016-1-4,10:07:37,3448.86,240008,59842352,304193536,0.00,3718106,0.00,0,0.00,0,0.00,0,0.00,0,0.00,2783742,0.00,0,0.00,0,0.00,0,0.00,0,B
2016-1-4,10:07:42,3448.19,183712,60026064,252592128,0.00,3691600,0.00,0,0.00,0,0.00,0,0.00,0,0.00,2773901,0.00,0,0.00,0,0.00,0,0.00,0,B
2016-1-4,10:07:47,3447.56,225516,60251580,283598848,0.00,3672288,0.00,0,0.00,0,0.00,0,0.00,0,0.00,2778002,0.00,0,0.00,0,0.00,0,0.00,0,B
2016-1-4,10:07:52,3446.93,245472,60497052,307036160,0.00,3650001,0.00,0,0.00,0,0.00,0,0.00,0,0.00,2740710,0.00,0,0.00,0,0.00,0,0.00,0,B
2016-1-4,10:07:57,3446.02,194276,60691328,238108672,0.00,3648341,0.00,0,0.00,0,0.00,0,0.00,0,0.00,2737457,0.00,0,0.00,0,0.00,0,0.00,0,B
2016-1-4,10:08:02,3445.47,234484,60925812,296673280,0.00,3632953,0.00,0,0.00,0,0.00,0,0.00,0,0.00,2728153,0.00,0,0.00,0,0.00,0,0.00,0,B
2016-1-4,10:08:07,3444.72,230728,61156540,298532864,0.00,3609052,0.00,0,0.00,0,0.00,0,0.00,0,0.00,2689564,0.00,0,0.00,0,0.00,0,0.00,0,B
2016-1-4,10:08:12,3444.08,185288,61341828,254476288,0.00,3628943,0.00,0,0.00,0,0.00,0,0.00,0,0.00,2670309,0.00,0,0.00,0,0.00,0,0.00,0,B
2016-1-4,10:08:17,3443.60,204184,61546012,255655936,0.00,3661067,0.00,0,0.00,0,0.00,0,0.00,0,0.00,2691693,0.00,0,0.00,0,0.00,0,0.00,0,B
2016-1-4,10:08:22,3443.58,239452,61785464,294223872,0.00,3652658,0.00,0,0.00,0,0.00,0,0.00,0,0.00,2678808,0.00,0,0.00,0,0.00,0,0.00,0,B
2016-1-4,10:08:27,3442.83,208744,61994208,273514496,0.00,3601408,0.00,0,0.00,0,0.00,0,0.00,0,0.00,2653031,0.00,0,0.00,0,0.00,0,0.00,0,B
2016-1-4,10:08:32,3443.03,199912,62194120,260890624,0.00,3583271,0.00,0,0.00,0,0.00,0,0.00,0,0.00,2640760,0.00,0,0.00,0,0.00,0,0.00,0,B
2016-1-4,10:08:37,3441.98,223888,62418008,279339008,0.00,3584698,0.00,0,0.00,0,0.00,0,0.00,0,0.00,2639014,0.00,0,0.00,0,0.00,0,0.00,0,B
2016-1-4,10:08:42,3441.50,204508,62622516,251494400,0.00,3563003,0.00,0,0.00,0,0.00,0,0.00,0,0.00,2630317,0.00,0,0.00,0,0.00,0,0.00,0,B
2016-1-4,10:08:47,3440.62,201088,62823604,252182528,0.00,3585606,0.00,0,0.00,0,0.00,0,0.00,0,0.00,2617735,0.00,0,0.00,0,0.00,0,0.00,0,B
2016-1-4,10:08:52,3440.91,217964,63041568,276258816,0.00,3585781,0.00,0,0.00,0,0.00,0,0.00,0,0.00,2612124,0.00,0,0.00,0,0.00,0,0.00,0,B
2016-1-4,10:08:57,3440.53,171336,63212904,215834624,0.00,3586810,0.00,0,0.00,0,0.00,0,0.00,0,0.00,2557094,0.00,0,0.00,0,0.00,0,0.00,0,B
2016-1-4,10:09:02,3439.13,207620,63420524,264052736,0.00,3555448,0.00,0,0.00,0,0.00,0,0.00,0,0.00,2529565,0.00,0,0.00,0,0.00,0,0.00,0,B
2016-1-4,10:09:07,3438.89,208164,63628688,275554304,0.00,3585285,0.00,0,0.00,0,0.00,0,0.00,0,0.00,2537322,0.00,0,0.00,0,0.00,0,0.00,0,B
2016-1-4,10:09:12,3438.61,203928,63832616,239116288,0.00,3600773,0.00,0,0.00,0,0.00,0,0.00,0,0.00,2542155,0.00,0,0.00,0,0.00,0,0.00,0,B
2016-1-4,10:09:17,3438.30,195228,64027844,236371968,0.00,3635085,0.00,0,0.00,0,0.00,0,0.00,0,0.00,2529277,0.00,0,0.00,0,0.00,0,0.00,0,B
2016-1-4,10:09:22,3437.35,221432,64249276,286580736,0.00,3651886,0.00,0,0.00,0,0.00,0,0.00,0,0.00,2503064,0.00,0,0.00,0,0.00,0,0.00,0,B
2016-1-4,10:09:27,3437.13,176284,64425560,215261184,0.00,3632837,0.00,0,0.00,0,0.00,0,0.00,0,0.00,2515873,0.00,0,0.00,0,0.00,0,0.00,0,B
2016-1-4,10:09:32,3435.87,212960,64638520,276668416,0.00,3624948,0.00,0,0.00,0,0.00,0,0.00,0,0.00,2506383,0.00,0,0.00,0,0.00,0,0.00,0,B
2016-1-4,10:09:37,3435.77,220208,64858728,288497664,0.00,3608878,0.00,0,0.00,0,0.00,0,0.00,0,0.00,2501855,0.00,0,0.00,0,0.00,0,0.00,0,B
2016-1-4,10:09:42,3435.68,199720,65058448,243458048,0.00,3610538,0.00,0,0.00,0,0.00,0,0.00,0,0.00,2445091,0.00,0,0.00,0,0.00,0,0.00,0,B
2016-1-4,10:09:47,3435.37,221320,65279768,274423808,0.00,3599931,0.00,0,0.00,0,0.00,0,0.00,0,0.00,2472982,0.00,0,0.00,0,0.00,0,0.00,0,B
2016-1-4,10:09:52,3434.18,223932,65503700,279478272,0.00,3560058,0.00,0,0.00,0,0.00,0,0.00,0,0.00,2469195,0.00,0,0.00,0,0.00,0,0.00,0,B
2016-1-4,10:09:57,3433.06,202172,65705872,240058368,0.00,3533299,0.00,0,0.00,0,0.00,0,0.00,0,0.00,2484884,0.00,0,0.00,0,0.00,0,0.00,0,B
2016-1-4,10:10:02,3432.74,222624,65928496,282312704,0.00,3512481,0.00,0,0.00,0,0.00,0,0.00,0,0.00,2446554,0.00,0,0.00,0,0.00,0,0.00,0,B
2016-1-4,10:10:07,3431.80,234124,66162620,281190400,0.00,3486653,0.00,0,0.00,0,0.00,0,0.00,0,0.00,2403374,0.00,0,0.00,0,0.00,0,0.00,0,B
2016-1-4,10:10:12,3431.35,214796,66377416,257073152,0.00,3456975,0.00,0,0.00,0,0.00,0,0.00,0,0.00,2375338,0.00,0,0.00,0,0.00,0,0.00,0,B
2016-1-4,10:10:17,3430.76,226632,66604048,264273920,0.00,3464203,0.00,0,0.00,0,0.00,0,0.00,0,0.00,2362332,0.00,0,0.00,0,0.00,0,0.00,0,B
2016-1-4,10:10:22,3429.76,218240,66822288,287260672,0.00,3447884,0.00,0,0.00,0,0.00,0,0.00,0,0.00,2366369,0.00,0,0.00,0,0.00,0,0.00,0,B
2016-1-4,10:10:27,3429.02,219244,67041532,273481728,0.00,3429244,0.00,0,0.00,0,0.00,0,0.00,0,0.00,2349334,0.00,0,0.00,0,0.00,0,0.00,0,B
2016-1-4,10:10:32,3428.78,219012,67260544,271024128,0.00,3408410,0.00,0,0.00,0,0.00,0,0.00,0,0.00,2371786,0.00,0,0.00,0,0.00,0,0.00,0,B
2016-1-4,10:10:37,3428.28,220728,67481272,281141248,0.00,3437210,0.00,0,0.00,0,0.00,0,0.00,0,0.00,2399137,0.00,0,0.00,0,0.00,0,0.00,0,B
2016-1-4,10:10:42,3427.64,212136,67693408,265437184,0.00,3446876,0.00,0,0.00,0,0.00,0,0.00,0,0.00,2403664,0.00,0,0.00,0,0.00,0,0.00,0,B
2016-1-4,10:10:47,3426.75,213296,67906704,297574400,0.00,3438140,0.00,0,0.00,0,0.00,0,0.00,0,0.00,2417800,0.00,0,0.00,0,0.00,0,0.00,0,B
2016-1-4,10:10:52,3425.55,259000,68165704,319209472,0.00,3455599,0.00,0,0.00,0,0.00,0,0.00,0,0.00,2392888,0.00,0,0.00,0,0.00,0,0.00,0,B
2016-1-4,10:10:57,3424.98,231600,68397304,293183488,0.00,3436015,0.00,0,0.00,0,0.00,0,0.00,0,0.00,2397988,0.00,0,0.00,0,0.00,0,0.00,0,B
2016-1-4,10:11:02,3424.13,255632,68652936,318218240,0.00,3426677,0.00,0,0.00,0,0.00,0,0.00,0,0.00,2391697,0.00,0,0.00,0,0.00,0,0.00,0,B
2016-1-4,10:11:07,3423.19,278016,68930952,341090304,0.00,3402350,0.00,0,0.00,0,0.00,0,0.00,0,0.00,2425272,0.00,0,0.00,0,0.00,0,0.00,0,B
2016-1-4,10:11:12,3422.78,191400,69122352,235479040,0.00,3383775,0.00,0,0.00,0,0.00,0,0.00,0,0.00,2425459,0.00,0,0.00,0,0.00,0,0.00,0,B
2016-1-4,10:11:17,3421.47,236632,69358984,291749888,0.00,3380279,0.00,0,0.00,0,0.00,0,0.00,0,0.00,2407041,0.00,0,0.00,0,0.00,0,0.00,0,B
2016-1-4,10:11:22,3420.83,249320,69608304,298016768,0.00,3355531,0.00,0,0.00,0,0.00,0,0.00,0,0.00,2413979,0.00,0,0.00,0,0.00,0,0.00,0,B
2016-1-4,10:11:27,3419.93,231776,69840080,280100864,0.00,3337567,0.00,0,0.00,0,0.00,0,0.00,0,0.00,2349759,0.00,0,0.00,0,0.00,0,0.00,0,B
2016-1-4,10:11:32,3420.00,229880,70069960,277389312,0.00,3327175,0.00,0,0.00,0,0.00,0,0.00,0,0.00,2295805,0.00,0,0.00,0,0.00,0,0.00,0,B
2016-1-4,10:11:37,3418.17,248616,70318576,309690368,0.00,3311012,0.00,0,0.00,0,0.00,0,0.00,0,0.00,2269660,0.00,0,0.00,0,0.00,0,0.00,0,B
2016-1-4,10:11:42,3418.30,180400,70498976,232218624,0.00,3336269,0.00,0,0.00,0,0.00,0,0.00,0,0.00,2302012,0.00,0,0.00,0,0.00,0,0.00,0,B
2016-1-4,10:11:47,3417.63,254960,70753936,315244544,0.00,3312607,0.00,0,0.00,0,0.00,0,0.00,0,0.00,2303885,0.00,0,0.00,0,0.00,0,0.00,0,B
2016-1-4,10:11:52,3416.76,236672,70990608,290529280,0.00,3312009,0.00,0,0.00,0,0.00,0,0.00,0,0.00,2299772,0.00,0,0.00,0,0.00,0,0.00,0,B
2016-1-4,10:11:57,3415.52,183328,71173936,243048448,0.00,3286721,0.00,0,0.00,0,0.00,0,0.00,0,0.00,2265706,0.00,0,0.00,0,0.00,0,0.00,0,B
2016-1-4,10:12:02,3415.50,272728,71446664,330530816,0.00,3279768,0.00,0,0.00,0,0.00,0,0.00,0,0.00,2319793,0.00,0,0.00,0,0.00,0,0.00,0,B
2016-1-4,10:12:07,3414.92,251768,71698432,308633600,0.00,3285972,0.00,0,0.00,0,0.00,0,0.00,0,0.00,2281176,0.00,0,0.00,0,0.00,0,0.00,0,B
2016-1-4,10:12:12,3414.46,167664,71866096,203653120,0.00,3314889,0.00,0,0.00,0,0.00,0,0.00,0,0.00,2293527,0.00,0,0.00,0,0.00,0,0.00,0,B
2016-1-4,10:12:17,3413.11,262080,72128176,320208896,0.00,3235185,0.00,0,0.00,0,0.00,0,0.00,0,0.00,2316796,0.00,0,0.00,0,0.00,0,0.00,0,B
2016-1-4,10:12:22,3412.73,242600,72370776,302899200,0.00,3238573,0.00,0,0.00,0,0.00,0,0.00,0,0.00,2270129,0.00,0,0.00,0,0.00,0,0.00,0,B
2016-1-4,10:12:27,3412.42,185616,72556392,229588992,0.00,3226620,0.00,0,0.00,0,0.00,0,0.00,0,0.00,2256593,0.00,0,0.00,0,0.00,0,0.00,0,B
2016-1-4,10:12:32,3411.03,230152,72786544,283860992,0.00,3171353,0.00,0,0.00,0,0.00,0,0.00,0,0.00,2265726,0.00,0,0.00,0,0.00,0,0.00,0,B
2016-1-4,10:12:37,3411.02,244192,73030736,307716096,0.00,3198778,0.00,0,0.00,0,0.00,0,0.00,0,0.00,2277085,0.00,0,0.00,0,0.00,0,0.00,0,B
2016-1-4,10:12:42,3410.39,177768,73208504,218906624,0.00,3237891,0.00,0,0.00,0,0.00,0,0.00,0,0.00,2219165,0.00,0,0.00,0,0.00,0,0.00,0,B
2016-1-4,10:12:47,3409.33,230984,73439488,279969792,0.00,3215632,0.00,0,0.00,0,0.00,0,0.00,0,0.00,2287033,0.00,0,0.00,0,0.00,0,0.00,0,B
2016-1-4,10:12:52,3409.81,256872,73696360,301383680,0.00,3213745,0.00,0,0.00,0,0.00,0,0.00,0,0.00,2297311,0.00,0,0.00,0,0.00,0,0.00,0,B
2016-1-4,10:12:57,3408.95,204808,73901168,233013248,0.00,3207040,0.00,0,0.00,0,0.00,0,0.00,0,0.00,2343768,0.00,0,0.00,0,0.00,0,0.00,0,B
2016-1-4,10:13:02,3408.79,226584,74127752,277602304,0.00,3218178,0.00,0,0.00,0,0.00,0,0.00,0,0.00,2344472,0.00,0,0.00,0,0.00,0,0.00,0,B
2016-1-4,10:13:07,3408.03,230536,74358288,285147136,0.00,3232492,0.00,0,0.00,0,0.00,0,0.00,0,0.00,2313527,0.00,0,0.00,0,0.00,0,0.00,0,B
2016-1-4,10:13:12,3407.23,179984,74538272,208879616,0.00,3226927,0.00,0,0.00,0,0.00,0,0.00,0,0.00,2180559,0.00,0,0.00,0,0.00,0,0.00,0,B
2016-1-4,10:13:18,3406.62,273072,74811344,325263360,0.00,3243029,0.00,0,0.00,0,0.00,0,0.00,0,0.00,2256300,0.00,0,0.00,0,0.00,0,0.00,0,B
2016-1-4,10:13:23,3406.23,251376,75062720,307200000,0.00,3238244,0.00,0,0.00,0,0.00,0,0.00,0,0.00,2162222,0.00,0,0.00,0,0.00,0,0.00,0,B
2016-1-4,10:13:28,3405.25,228872,75291592,277471232,0.00,3234036,0.00,0,0.00,0,0.00,0,0.00,0,0.00,2198939,0.00,0,0.00,0,0.00,0,0.00,0,B
2016-1-4,10:13:33,3406.05,180184,75471776,218210304,0.00,3229192,0.00,0,0.00,0,0.00,0,0.00,0,0.00,2193526,0.00,0,0.00,0,0.00,0,0.00,0,B
2016-1-4,10:13:38,3405.23,231440,75703216,295960576,0.00,3227742,0.00,0,0.00,0,0.00,0,0.00,0,0.00,2184926,0.00,0,0.00,0,0.00,0,0.00,0,B
2016-1-4,10:13:43,3404.09,223640,75926856,284418048,0.00,3245014,0.00,0,0.00,0,0.00,0,0.00,0,0.00,2195391,0.00,0,0.00,0,0.00,0,0.00,0,B
2016-1-4,10:13:48,3404.02,160312,76087168,200941568,0.00,3255001,0.00,0,0.00,0,0.00,0,0.00,0,0.00,2243925,0.00,0,0.00,0,0.00,0,0.00,0,B
2016-1-4,10:13:53,3403.84,231080,76318248,295084032,0.00,3274132,0.00,0,0.00,0,0.00,0,0.00,0,0.00,2242350,0.00,0,0.00,0,0.00,0,0.00,0,B
2016-1-4,10:13:58,3403.23,195712,76513960,240197632,0.00,3236196,0.00,0,0.00,0,0.00,0,0.00,0,0.00,2199281,0.00,0,0.00,0,0.00,0,0.00,0,B
2016-1-4,10:14:03,3402.70,197784,76711744,241410048,0.00,3261802,0.00,0,0.00,0,0.00,0,0.00,0,0.00,2164195,0.00,0,0.00,0,0.00,0,0.00,0,B
2016-1-4,10:14:08,3401.50,199600,76911344,261677056,0.00,3237865,0.00,0,0.00,0,0.00,0,0.00,0,0.00,2219137,0.00,0,0.00,0,0.00,0,0.00,0,B
2016-1-4,10:14:13,3401.69,248424,77159768,286613504,0.00,3284388,0.00,0,0.00,0,0.00,0,0.00,0,0.00,2142932,0.00,0,0.00,0,0.00,0,0.00,0,B
2016-1-4,10:14:18,3401.47,153688,77313456,193683456,0.00,3296447,0.00,0,0.00,0,0.00,0,0.00,0,0.00,2120725,0.00,0,0.00,0,0.00,0,0.00,0,B
2016-1-4,10:14:23,3400.27,233208,77546664,279429120,0.00,3348619,0.00,0,0.00,0,0.00,0,0.00,0,0.00,2141888,0.00,0,0.00,0,0.00,0,0.00,0,B
2016-1-4,10:14:28,3400.79,247064,77793728,290086912,0.00,3367716,0.00,0,0.00,0,0.00,0,0.00,0,0.00,2113819,0.00,0,0.00,0,0.00,0,0.00,0,B
2016-1-4,10:14:33,3399.86,169272,77963000,197033984,0.00,3336729,0.00,0,0.00,0,0.00,0,0.00,0,0.00,2078929,0.00,0,0.00,0,0.00,0,0.00,0,B
2016-1-4,10:14:38,3400.13,264640,78227640,303169536,0.00,3341311,0.00,0,0.00,0,0.00,0,0.00,0,0.00,2094098,0.00,0,0.00,0,0.00,0,0.00,0,B
2016-1-4,10:14:43,3399.80,230672,78458312,260734976,0.00,3377556,0.00,0,0.00,0,0.00,0,0.00,0,0.00,2065987,0.00,0,0.00,0,0.00,0,0.00,0,B
2016-1-4,10:14:48,3399.39,153432,78611744,186933248,0.00,3365201,0.00,0,0.00,0,0.00,0,0.00,0,0.00,2075974,0.00,0,0.00,0,0.00,0,0.00,0,B
2016-1-4,10:14:53,3399.41,221864,78833608,273473536,0.00,3368195,0.00,0,0.00,0,0.00,0,0.00,0,0.00,2065414,0.00,0,0.00,0,0.00,0,0.00,0,B
2016-1-4,10:14:58,3399.35,212744,79046352,257982464,0.00,3369394,0.00,0,0.00,0,0.00,0,0.00,0,0.00,2058794,0.00,0,0.00,0,0.00,0,0.00,0,B
2016-1-4,10:15:03,3398.24,168944,79215296,221061120,0.00,3447233,0.00,0,0.00,0,0.00,0,0.00,0,0.00,2043058,0.00,0,0.00,0,0.00,0,0.00,0,B
2016-1-4,10:15:08,3398.25,199904,79415200,242163712,0.00,3378117,0.00,0,0.00,0,0.00,0,0.00,0,0.00,2051601,0.00,0,0.00,0,0.00,0,0.00,0,B
2016-1-4,10:15:13,3398.42,226360,79641560,272261120,0.00,3330625,0.00,0,0.00,0,0.00,0,0.00,0,0.00,2046724,0.00,0,0.00,0,0.00,0,0.00,0,B
2016-1-4,10:15:18,3398.79,161944,79803504,202309632,0.00,3354229,0.00,0,0.00,0,0.00,0,0.00,0,0.00,2044448,0.00,0,0.00,0,0.00,0,0.00,0,B
2016-1-4,10:15:23,3398.66,233192,80036696,288333824,0.00,3314905,0.00,0,0.00,0,0.00,0,0.00,0,0.00,2019435,0.00,0,0.00,0,0.00,0,0.00,0,B
2016-1-4,10:15:28,3398.46,208488,80245184,264249344,0.00,3296038,0.00,0,0.00,0,0.00,0,0.00,0,0.00,2035619,0.00,0,0.00,0,0.00,0,0.00,0,B
2016-1-4,10:15:33,3397.97,172088,80417272,231268352,0.00,3319124,0.00,0,0.00,0,0.00,0,0.00,0,0.00,2026030,0.00,0,0.00,0,0.00,0,0.00,0,B
2016-1-4,10:15:38,3397.21,231568,80648840,297435136,0.00,3297465,0.00,0,0.00,0,0.00,0,0.00,0,0.00,2027192,0.00,0,0.00,0,0.00,0,0.00,0,B
2016-1-4,10:15:43,3397.54,204232,80853072,256598016,0.00,3359578,0.00,0,0.00,0,0.00,0,0.00,0,0.00,2050852,0.00,0,0.00,0,0.00,0,0.00,0,B
2016-1-4,10:15:48,3396.90,170024,81023096,224280576,0.00,3395705,0.00,0,0.00,0,0.00,0,0.00,0,0.00,2002238,0.00,0,0.00,0,0.00,0,0.00,0,B
2016-1-4,10:15:53,3397.09,205976,81229072,274128896,0.00,3419908,0.00,0,0.00,0,0.00,0,0.00,0,0.00,2011289,0.00,0,0.00,0,0.00,0,0.00,0,B
2016-1-4,10:15:58,3397.35,215352,81444424,264208384,0.00,3387919,0.00,0,0.00,0,0.00,0,0.00,0,0.00,1986868,0.00,0,0.00,0,0.00,0,0.00,0,B
2016-1-4,10:16:03,3397.11,179512,81623936,220094464,0.00,3413084,0.00,0,0.00,0,0.00,0,0.00,0,0.00,2017082,0.00,0,0.00,0,0.00,0,0.00,0,B
2016-1-4,10:16:08,3395.97,217232,81841168,260800512,0.00,3415068,0.00,0,0.00,0,0.00,0,0.00,0,0.00,1989060,0.00,0,0.00,0,0.00,0,0.00,0,B
2016-1-4,10:16:13,3396.19,213744,82054912,260726784,0.00,3379943,0.00,0,0.00,0,0.00,0,0.00,0,0.00,1993913,0.00,0,0.00,0,0.00,0,0.00,0,B
2016-1-4,10:16:18,3396.72,151456,82206368,199688192,0.00,3399751,0.00,0,0.00,0,0.00,0,0.00,0,0.00,1978728,0.00,0,0.00,0,0.00,0,0.00,0,B
2016-1-4,10:16:23,3396.28,185920,82392288,246816768,0.00,3396352,0.00,0,0.00,0,0.00,0,0.00,0,0.00,2018716,0.00,0,0.00,0,0.00,0,0.00,0,B
2016-1-4,10:16:28,3396.14,199112,82591400,251338752,0.00,3435616,0.00,0,0.00,0,0.00,0,0.00,0,0.00,2009968,0.00,0,0.00,0,0.00,0,0.00,0,B
2016-1-4,10:16:33,3396.02,145368,82736768,206700544,0.00,3454405,0.00,0,0.00,0,0.00,0,0.00,0,0.00,2025084,0.00,0,0.00,0,0.00,0,0.00,0,B
2016-1-4,10:16:38,3396.38,200704,82937472,252395520,0.00,3462457,0.00,0,0.00,0,0.00,0,0.00,0,0.00,2042038,0.00,0,0.00,0,0.00,0,0.00,0,B
2016-1-4,10:16:43,3395.97,225880,83163352,260816896,0.00,3451194,0.00,0,0.00,0,0.00,0,0.00,0,0.00,2031709,0.00,0,0.00,0,0.00,0,0.00,0,B
2016-1-4,10:16:48,3396.20,154552,83317904,189423616,0.00,3434261,0.00,0,0.00,0,0.00,0,0.00,0,0.00,2031999,0.00,0,0.00,0,0.00,0,0.00,0,B
2016-1-4,10:16:53,3396.55,186432,83504336,235438080,0.00,3429996,0.00,0,0.00,0,0.00,0,0.00,0,0.00,2036594,0.00,0,0.00,0,0.00,0,0.00,0,B
2016-1-4,10:16:58,3396.32,179576,83683912,225992704,0.00,3436154,0.00,0,0.00,0,0.00,0,0.00,0,0.00,1991288,0.00,0,0.00,0,0.00,0,0.00,0,B
2016-1-4,10:17:03,3396.79,150096,83834008,188882944,0.00,3428474,0.00,0,0.00,0,0.00,0,0.00,0,0.00,1996050,0.00,0,0.00,0,0.00,0,0.00,0,B
2016-1-4,10:17:08,3396.55,200288,84034296,252174336,0.00,3426835,0.00,0,0.00,0,0.00,0,0.00,0,0.00,1976424,0.00,0,0.00,0,0.00,0,0.00,0,B
2016-1-4,10:17:13,3397.67,197824,84232120,250462208,0.00,3435375,0.00,0,0.00,0,0.00,0,0.00,0,0.00,2008188,0.00,0,0.00,0,0.00,0,0.00,0,B
2016-1-4,10:17:18,3397.13,126576,84358696,161988608,0.00,3448413,0.00,0,0.00,0,0.00,0,0.00,0,0.00,1991114,0.00,0,0.00,0,0.00,0,0.00,0,B
2016-1-4,10:17:23,3398.08,184856,84543552,230891520,0.00,3418079,0.00,0,0.00,0,0.00,0,0.00,0,0.00,1940150,0.00,0,0.00,0,0.00,0,0.00,0,B
2016-1-4,10:17:28,3397.76,193936,84737488,236544000,0.00,3417948,0.00,0,0.00,0,0.00,0,0.00,0,0.00,1939773,0.00,0,0.00,0,0.00,0,0.00,0,B
2016-1-4,10:17:33,3398.87,122144,84859632,152911872,0.00,3415831,0.00,0,0.00,0,0.00,0,0.00,0,0.00,1932686,0.00,0,0.00,0,0.00,0,0.00,0,B
2016-1-4,10:17:38,3398.92,181744,85041376,224796672,0.00,3415940,0.00,0,0.00,0,0.00,0,0.00,0,0.00,1901460,0.00,0,0.00,0,0.00,0,0.00,0,B
2016-1-4,10:17:43,3399.76,174152,85215528,206045184,0.00,3439552,0.00,0,0.00,0,0.00,0,0.00,0,0.00,1916520,0.00,0,0.00,0,0.00,0,0.00,0,B
2016-1-4,10:17:48,3400.28,140176,85355704,167510016,0.00,3435635,0.00,0,0.00,0,0.00,0,0.00,0,0.00,1906211,0.00,0,0.00,0,0.00,0,0.00,0,B
2016-1-4,10:17:53,3401.74,164776,85520480,210935808,0.00,3419869,0.00,0,0.00,0,0.00,0,0.00,0,0.00,1899559,0.00,0,0.00,0,0.00,0,0.00,0,B
2016-1-4,10:17:58,3402.04,159984,85680464,201383936,0.00,3465816,0.00,0,0.00,0,0.00,0,0.00,0,0.00,1884102,0.00,0,0.00,0,0.00,0,0.00,0,B
2016-1-4,10:18:03,3403.39,129712,85810176,176439296,0.00,3482075,0.00,0,0.00,0,0.00,0,0.00,0,0.00,1861403,0.00,0,0.00,0,0.00,0,0.00,0,B
2016-1-4,10:18:08,3404.60,187104,85997280,230752256,0.00,3477250,0.00,0,0.00,0,0.00,0,0.00,0,0.00,1856758,0.00,0,0.00,0,0.00,0,0.00,0,B
2016-1-4,10:18:13,3405.84,180408,86177688,235446272,0.00,3490192,0.00,0,0.00,0,0.00,0,0.00,0,0.00,1845826,0.00,0,0.00,0,0.00,0,0.00,0,B
2016-1-4,10:18:18,3406.66,120720,86298408,159162368,0.00,3463689,0.00,0,0.00,0,0.00,0,0.00,0,0.00,1863386,0.00,0,0.00,0,0.00,0,0.00,0,B
2016-1-4,10:18:23,3407.63,159048,86457456,201211904,0.00,3490356,0.00,0,0.00,0,0.00,0,0.00,0,0.00,1869378,0.00,0,0.00,0,0.00,0,0.00,0,B
2016-1-4,10:18:28,3408.99,168224,86625680,204038144,0.00,3496105,0.00,0,0.00,0,0.00,0,0.00,0,0.00,1824069,0.00,0,0.00,0,0.00,0,0.00,0,B
2016-1-4,10:18:33,3409.96,124616,86750296,163823616,0.00,3482016,0.00,0,0.00,0,0.00,0,0.00,0,0.00,1815179,0.00,0,0.00,0,0.00,0,0.00,0,B
2016-1-4,10:18:38,3410.94,141192,86891488,184623104,0.00,3510475,0.00,0,0.00,0,0.00,0,0.00,0,0.00,1846058,0.00,0,0.00,0,0.00,0,0.00,0,B
2016-1-4,10:18:43,3411.97,162512,87054000,191971328,0.00,3557132,0.00,0,0.00,0,0.00,0,0.00,0,0.00,1846765,0.00,0,0.00,0,0.00,0,0.00,0,B
2016-1-4,10:18:48,3413.14,146776,87200776,155918336,0.00,3550906,0.00,0,0.00,0,0.00,0,0.00,0,0.00,1837781,0.00,0,0.00,0,0.00,0,0.00,0,B
2016-1-4,10:18:53,3414.55,129760,87330536,173285376,0.00,3560595,0.00,0,0.00,0,0.00,0,0.00,0,0.00,1857593,0.00,0,0.00,0,0.00,0,0.00,0,B
2016-1-4,10:18:58,3415.79,155608,87486144,202227712,0.00,3560126,0.00,0,0.00,0,0.00,0,0.00,0,0.00,1888129,0.00,0,0.00,0,0.00,0,0.00,0,B
2016-1-4,10:19:03,3416.66,110944,87597088,144539648,0.00,3546889,0.00,0,0.00,0,0.00,0,0.00,0,0.00,1839249,0.00,0,0.00,0,0.00,0,0.00,0,B
2016-1-4,10:19:08,3417.92,144352,87741440,182378496,0.00,3566685,0.00,0,0.00,0,0.00,0,0.00,0,0.00,1862463,0.00,0,0.00,0,0.00,0,0.00,0,B
2016-1-4,10:19:13,3419.15,140312,87881752,175775744,0.00,3535856,0.00,0,0.00,0,0.00,0,0.00,0,0.00,1851832,0.00,0,0.00,0,0.00,0,0.00,0,B
2016-1-4,10:19:18,3420.50,108800,87990552,142721024,0.00,3533775,0.00,0,0.00,0,0.00,0,0.00,0,0.00,1827259,0.00,0,0.00,0,0.00,0,0.00,0,B
2016-1-4,10:19:23,3420.29,137648,88128200,181821440,0.00,3500522,0.00,0,0.00,0,0.00,0,0.00,0,0.00,1781922,0.00,0,0.00,0,0.00,0,0.00,0,B
2016-1-4,10:19:28,3421.64,153456,88281656,176414720,0.00,3519294,0.00,0,0.00,0,0.00,0,0.00,0,0.00,1773897,0.00,0,0.00,0,0.00,0,0.00,0,B
2016-1-4,10:19:33,3421.72,117520,88399176,156499968,0.00,3517270,0.00,0,0.00,0,0.00,0,0.00,0,0.00,1765055,0.00,0,0.00,0,0.00,0,0.00,0,B
2016-1-4,10:19:38,3422.47,136536,88535712,176275456,0.00,3487257,0.00,0,0.00,0,0.00,0,0.00,0,0.00,1785151,0.00,0,0.00,0,0.00,0,0.00,0,B
2016-1-4,10:19:43,3423.87,155816,88691528,186777600,0.00,3440334,0.00,0,0.00,0,0.00,0,0.00,0,0.00,1833074,0.00,0,0.00,0,0.00,0,0.00,0,B
2016-1-4,10:19:48,3424.87,110800,88802328,130555904,0.00,3443597,0.00,0,0.00,0,0.00,0,0.00,0,0.00,1841843,0.00,0,0.00,0,0.00,0,0.00,0,B
2016-1-4,10:19:53,3424.72,146688,88949016,191635456,0.00,3427723,0.00,0,0.00,0,0.00,0,0.00,0,0.00,1854009,0.00,0,0.00,0,0.00,0,0.00,0,B
2016-1-4,10:19:58,3426.41,143504,89092520,179011584,0.00,3428227,0.00,0,0.00,0,0.00,0,0.00,0,0.00,1864179,0.00,0,0.00,0,0.00,0,0.00,0,B
2016-1-4,10:20:03,3426.86,118776,89211296,151371776,0.00,3428106,0.00,0,0.00,0,0.00,0,0.00,0,0.00,1941249,0.00,0,0.00,0,0.00,0,0.00,0,B
2016-1-4,10:20:08,3427.25,154088,89365384,193478656,0.00,3425380,0.00,0,0.00,0,0.00,0,0.00,0,0.00,1940808,0.00,0,0.00,0,0.00,0,0.00,0,B
2016-1-4,10:20:13,3427.61,155248,89520632,198049792,0.00,3373652,0.00,0,0.00,0,0.00,0,0.00,0,0.00,2005219,0.00,0,0.00,0,0.00,0,0.00,0,B
2016-1-4,10:20:18,3428.44,106392,89627024,136839168,0.00,3358019,0.00,0,0.00,0,0.00,0,0.00,0,0.00,1979830,0.00,0,0.00,0,0.00,0,0.00,0,B
2016-1-4,10:20:23,3428.78,160808,89787832,212983808,0.00,3313690,0.00,0,0.00,0,0.00,0,0.00,0,0.00,2012448,0.00,0,0.00,0,0.00,0,0.00,0,B
2016-1-4,10:20:28,3428.59,141736,89929568,192864256,0.00,3341421,0.00,0,0.00,0,0.00,0,0.00,0,0.00,2046685,0.00,0,0.00,0,0.00,0,0.00,0,B
2016-1-4,10:20:33,3429.65,130872,90060440,169320448,0.00,3315118,0.00,0,0.00,0,0.00,0,0.00,0,0.00,2076968,0.00,0,0.00,0,0.00,0,0.00,0,B
2016-1-4,10:20:38,3429.93,164328,90224768,219521024,0.00,3343655,0.00,0,0.00,0,0.00,0,0.00,0,0.00,2059130,0.00,0,0.00,0,0.00,0,0.00,0,B
2016-1-4,10:20:43,3429.98,164216,90388984,203390976,0.00,3320151,0.00,0,0.00,0,0.00,0,0.00,0,0.00,2075707,0.00,0,0.00,0,0.00,0,0.00,0,B
2016-1-4,10:20:48,3430.66,120088,90509072,157319168,0.00,3322574,0.00,0,0.00,0,0.00,0,0.00,0,0.00,2091859,0.00,0,0.00,0,0.00,0,0.00,0,B
2016-1-4,10:20:53,3430.30,151448,90660520,204292096,0.00,3332665,0.00,0,0.00,0,0.00,0,0.00,0,0.00,2118477,0.00,0,0.00,0,0.00,0,0.00,0,B
2016-1-4,10:20:58,3430.20,162160,90822680,203784192,0.00,3337761,0.00,0,0.00,0,0.00,0,0.00,0,0.00,2121411,0.00,0,0.00,0,0.00,0,0.00,0,B
2016-1-4,10:21:03,3430.81,112840,90935520,147128320,0.00,3340399,0.00,0,0.00,0,0.00,0,0.00,0,0.00,2129016,0.00,0,0.00,0,0.00,0,0.00,0,B
2016-1-4,10:21:08,3430.14,151352,91086872,204316672,0.00,3337202,0.00,0,0.00,0,0.00,0,0.00,0,0.00,2128206,0.00,0,0.00,0,0.00,0,0.00,0,B
2016-1-4,10:21:13,3429.06,149848,91236720,196902912,0.00,3346707,0.00,0,0.00,0,0.00,0,0.00,0,0.00,2162217,0.00,0,0.00,0,0.00,0,0.00,0,B
2016-1-4,10:21:18,3429.92,112944,91349664,153845760,0.00,3358488,0.00,0,0.00,0,0.00,0,0.00,0,0.00,2189676,0.00,0,0.00,0,0.00,0,0.00,0,B
2016-1-4,10:21:23,3429.62,148240,91497904,201457664,0.00,3350788,0.00,0,0.00,0,0.00,0,0.00,0,0.00,2229204,0.00,0,0.00,0,0.00,0,0.00,0,B
2016-1-4,10:21:28,3429.87,159120,91657024,200409088,0.00,3322879,0.00,0,0.00,0,0.00,0,0.00,0,0.00,2280541,0.00,0,0.00,0,0.00,0,0.00,0,B
2016-1-4,10:21:33,3429.72,114424,91771448,150126592,0.00,3329172,0.00,0,0.00,0,0.00,0,0.00,0,0.00,2282598,0.00,0,0.00,0,0.00,0,0.00,0,B
2016-1-4,10:21:38,3429.26,159880,91931328,210608128,0.00,3343903,0.00,0,0.00,0,0.00,0,0.00,0,0.00,2299289,0.00,0,0.00,0,0.00,0,0.00,0,B
2016-1-4,10:21:43,3428.42,148112,92079440,198909952,0.00,3313578,0.00,0,0.00,0,0.00,0,0.00,0,0.00,2333824,0.00,0,0.00,0,0.00,0,0.00,0,B
2016-1-4,10:21:48,3427.94,116776,92196216,151699456,0.00,3330108,0.00,0,0.00,0,0.00,0,0.00,0,0.00,2332896,0.00,0,0.00,0,0.00,0,0.00,0,B
2016-1-4,10:21:53,3428.19,163896,92360112,199016448,0.00,3313223,0.00,0,0.00,0,0.00,0,0.00,0,0.00,2369505,0.00,0,0.00,0,0.00,0,0.00,0,B
2016-1-4,10:21:58,3426.59,149840,92509952,182673408,0.00,3318586,0.00,0,0.00,0,0.00,0,0.00,0,0.00,2390083,0.00,0,0.00,0,0.00,0,0.00,0,B
2016-1-4,10:22:03,3426.88,122624,92632576,151027712,0.00,3343126,0.00,0,0.00,0,0.00,0,0.00,0,0.00,2387639,0.00,0,0.00,0,0.00,0,0.00,0,B
2016-1-4,10:22:08,3426.35,158864,92791440,193830912,0.00,3382999,0.00,0,0.00,0,0.00,0,0.00,0,0.00,2331075,0.00,0,0.00,0,0.00,0,0.00,0,B
2016-1-4,10:22:13,3426.05,152408,92943848,191733760,0.00,3374551,0.00,0,0.00,0,0.00,0,0.00,0,0.00,2331122,0.00,0,0.00,0,0.00,0,0.00,0,B
2016-1-4,10:22:18,3425.92,108784,93052632,130138112,0.00,3332278,0.00,0,0.00,0,0.00,0,0.00,0,0.00,2378819,0.00,0,0.00,0,0.00,0,0.00,0,B
2016-1-4,10:22:23,3424.64,148408,93201040,193937408,0.00,3356340,0.00,0,0.00,0,0.00,0,0.00,0,0.00,2356743,0.00,0,0.00,0,0.00,0,0.00,0,B
2016-1-4,10:22:33,3424.36,244800,93445840,315695104,0.00,3344441,0.00,0,0.00,0,0.00,0,0.00,0,0.00,2321778,0.00,0,0.00,0,0.00,0,0.00,0,B
2016-1-4,10:22:38,3423.15,140320,93586160,182607872,0.00,3325926,0.00,0,0.00,0,0.00,0,0.00,0,0.00,2364260,0.00,0,0.00,0,0.00,0,0.00,0,B
2016-1-4,10:22:43,3422.74,113488,93699648,144187392,0.00,3331835,0.00,0,0.00,0,0.00,0,0.00,0,0.00,2362030,0.00,0,0.00,0,0.00,0,0.00,0,B
2016-1-4,10:22:48,3422.04,88880,93788528,116080640,0.00,3332463,0.00,0,0.00,0,0.00,0,0.00,0,0.00,2378068,0.00,0,0.00,0,0.00,0,0.00,0,B
2016-1-4,10:22:53,3421.46,132608,93921136,185090048,0.00,3361488,0.00,0,0.00,0,0.00,0,0.00,0,0.00,2375331,0.00,0,0.00,0,0.00,0,0.00,0,B
2016-1-4,10:22:58,3421.14,110552,94031688,140320768,0.00,3402638,0.00,0,0.00,0,0.00,0,0.00,0,0.00,2320904,0.00,0,0.00,0,0.00,0,0.00,0,B
2016-1-4,10:23:08,3420.37,192672,94224360,251158528,0.00,3384049,0.00,0,0.00,0,0.00,0,0.00,0,0.00,2322946,0.00,0,0.00,0,0.00,0,0.00,0,B
2016-1-4,10:23:13,3419.82,121816,94346176,143179776,0.00,3422844,0.00,0,0.00,0,0.00,0,0.00,0,0.00,2297078,0.00,0,0.00,0,0.00,0,0.00,0,B
2016-1-4,10:23:18,3419.56,82744,94428920,100302848,0.00,3420201,0.00,0,0.00,0,0.00,0,0.00,0,0.00,2284773,0.00,0,0.00,0,0.00,0,0.00,0,B
2016-1-4,10:23:23,3419.50,103184,94532104,134922240,0.00,3456920,0.00,0,0.00,0,0.00,0,0.00,0,0.00,2221694,0.00,0,0.00,0,0.00,0,0.00,0,B
2016-1-4,10:23:28,3418.90,135048,94667152,141975552,0.00,3414634,0.00,0,0.00,0,0.00,0,0.00,0,0.00,2236570,0.00,0,0.00,0,0.00,0,0.00,0,B
2016-1-4,10:23:38,3418.55,170904,94838056,220372992,0.00,3438950,0.00,0,0.00,0,0.00,0,0.00,0,0.00,2229715,0.00,0,0.00,0,0.00,0,0.00,0,B
2016-1-4,10:23:43,3418.53,99360,94937416,124715008,0.00,3483566,0.00,0,0.00,0,0.00,0,0.00,0,0.00,2114290,0.00,0,0.00,0,0.00,0,0.00,0,B
2016-1-4,10:23:48,3417.97,67128,95004544,91308032,0.00,3482636,0.00,0,0.00,0,0.00,0,0.00,0,0.00,2107029,0.00,0,0.00,0,0.00,0,0.00,0,B
2016-1-4,10:23:53,3418.21,94064,95098608,119341056,0.00,3489481,0.00,0,0.00,0,0.00,0,0.00,0,0.00,2105338,0.00,0,0.00,0,0.00,0,0.00,0,B
2016-1-4,10:23:58,3417.44,106272,95204880,134119424,0.00,3497122,0.00,0,0.00,0,0.00,0,0.00,0,0.00,2108872,0.00,0,0.00,0,0.00,0,0.00,0,B
2016-1-4,10:24:03,3417.67,68224,95273104,92061696,0.00,3492861,0.00,0,0.00,0,0.00,0,0.00,0,0.00,2112839,0.00,0,0.00,0,0.00,0,0.00,0,B
2016-1-4,10:24:13,3417.59,197168,95470272,247701504,0.00,3466161,0.00,0,0.00,0,0.00,0,0.00,0,0.00,2120516,0.00,0,0.00,0,0.00,0,0.00,0,B
2016-1-4,10:24:17,3417.48,70720,95540992,81707008,0.00,3480535,0.00,0,0.00,0,0.00,0,0.00,0,0.00,2116815,0.00,0,0.00,0,0.00,0,0.00,0,B
2016-1-4,10:24:23,3417.66,105024,95646016,141656064,0.00,3476479,0.00,0,0.00,0,0.00,0,0.00,0,0.00,2137391,0.00,0,0.00,0,0.00,0,0.00,0,B
2016-1-4,10:24:28,3417.70,97896,95743912,118800384,0.00,3512448,0.00,0,0.00,0,0.00,0,0.00,0,0.00,2133109,0.00,0,0.00,0,0.00,0,0.00,0,B
2016-1-4,10:24:32,3417.63,58248,95802160,77889536,0.00,3509569,0.00,0,0.00,0,0.00,0,0.00,0,0.00,2123302,0.00,0,0.00,0,0.00,0,0.00,0,B
2016-1-4,10:24:38,3417.81,89664,95891824,109821952,0.00,3527534,0.00,0,0.00,0,0.00,0,0.00,0,0.00,2125078,0.00,0,0.00,0,0.00,0,0.00,0,B
2016-1-4,10:24:47,3418.28,141768,96033592,176537600,0.00,3519773,0.00,0,0.00,0,0.00,0,0.00,0,0.00,2104332,0.00,0,0.00,0,0.00,0,0.00,0,B
2016-1-4,10:24:53,3418.41,97400,96130992,131858432,0.00,3488939,0.00,0,0.00,0,0.00,0,0.00,0,0.00,2102971,0.00,0,0.00,0,0.00,0,0.00,0,B
2016-1-4,10:24:58,3418.42,87544,96218536,114884608,0.00,3522913,0.00,0,0.00,0,0.00,0,0.00,0,0.00,2049653,0.00,0,0.00,0,0.00,0,0.00,0,B
2016-1-4,10:25:02,3417.52,75576,96294112,82468864,0.00,3545556,0.00,0,0.00,0,0.00,0,0.00,0,0.00,2058348,0.00,0,0.00,0,0.00,0,0.00,0,B
2016-1-4,10:25:08,3418.05,94120,96388232,123076608,0.00,3522634,0.00,0,0.00,0,0.00,0,0.00,0,0.00,2072984,0.00,0,0.00,0,0.00,0,0.00,0,B
2016-1-4,10:25:13,3418.59,96792,96485024,118562816,0.00,3527804,0.00,0,0.00,0,0.00,0,0.00,0,0.00,2055391,0.00,0,0.00,0,0.00,0,0.00,0,B
2016-1-4,10:25:23,3418.71,156488,96641512,187326464,0.00,3509114,0.00,0,0.00,0,0.00,0,0.00,0,0.00,2134247,0.00,0,0.00,0,0.00,0,0.00,0,B
2016-1-4,10:25:28,3419.40,96512,96738024,122568704,0.00,3497010,0.00,0,0.00,0,0.00,0,0.00,0,0.00,2106181,0.00,0,0.00,0,0.00,0,0.00,0,B
2016-1-4,10:25:32,3419.74,53552,96791576,67182592,0.00,3496164,0.00,0,0.00,0,0.00,0,0.00,0,0.00,2092106,0.00,0,0.00,0,0.00,0,0.00,0,B
2016-1-4,10:25:38,3419.55,87208,96878784,115490816,0.00,3506340,0.00,0,0.00,0,0.00,0,0.00,0,0.00,2108450,0.00,0,0.00,0,0.00,0,0.00,0,B
2016-1-4,10:25:43,3419.99,76224,96955008,106102784,0.00,3533508,0.00,0,0.00,0,0.00,0,0.00,0,0.00,2105858,0.00,0,0.00,0,0.00,0,0.00,0,B
2016-1-4,10:25:53,3420.74,149216,97104224,187154432,0.00,3507079,0.00,0,0.00,0,0.00,0,0.00,0,0.00,2088626,0.00,0,0.00,0,0.00,0,0.00,0,B
2016-1-4,10:25:59,3421.26,94224,97198448,120217600,0.00,3521279,0.00,0,0.00,0,0.00,0,0.00,0,0.00,2101171,0.00,0,0.00,0,0.00,0,0.00,0,B
2016-1-4,10:26:02,3421.22,59648,97258096,68845568,0.00,3521039,0.00,0,0.00,0,0.00,0,0.00,0,0.00,2095056,0.00,0,0.00,0,0.00,0,0.00,0,B
2016-1-4,10:26:08,3421.59,95240,97353336,129884160,0.00,3503179,0.00,0,0.00,0,0.00,0,0.00,0,0.00,2143296,0.00,0,0.00,0,0.00,0,0.00,0,B
2016-1-4,10:26:14,3422.38,90968,97444304,119316480,0.00,3502634,0.00,0,0.00,0,0.00,0,0.00,0,0.00,2156745,0.00,0,0.00,0,0.00,0,0.00,0,B
2016-1-4,10:26:19,3422.67,90616,97534920,116039680,0.00,3516200,0.00,0,0.00,0,0.00,0,0.00,0,0.00,2153406,0.00,0,0.00,0,0.00,0,0.00,0,B
2016-1-4,10:26:23,3422.95,55128,97590048,73007104,0.00,3501336,0.00,0,0.00,0,0.00,0,0.00,0,0.00,2148584,0.00,0,0.00,0,0.00,0,0.00,0,B
2016-1-4,10:26:29,3423.21,86792,97676840,117219328,0.00,3546809,0.00,0,0.00,0,0.00,0,0.00,0,0.00,2096543,0.00,0,0.00,0,0.00,0,0.00,0,B
2016-1-4,10:26:34,3423.01,86688,97763528,108814336,0.00,3508475,0.00,0,0.00,0,0.00,0,0.00,0,0.00,2146706,0.00,0,0.00,0,0.00,0,0.00,0,B
2016-1-4,10:26:38,3423.96,50904,97814432,68100096,0.00,3521717,0.00,0,0.00,0,0.00,0,0.00,0,0.00,2150555,0.00,0,0.00,0,0.00,0,0.00,0,B
2016-1-4,10:26:44,3424.14,90344,97904776,116482048,0.00,3535821,0.00,0,0.00,0,0.00,0,0.00,0,0.00,2154855,0.00,0,0.00,0,0.00,0,0.00,0,B
2016-1-4,10:26:47,3424.46,41728,97946504,58122240,0.00,3517531,0.00,0,0.00,0,0.00,0,0.00,0,0.00,2140143,0.00,0,0.00,0,0.00,0,0.00,0,B
2016-1-4,10:26:53,3424.51,97392,98043896,134103040,0.00,3502224,0.00,0,0.00,0,0.00,0,0.00,0,0.00,2140472,0.00,0,0.00,0,0.00,0,0.00,0,B
2016-1-4,10:26:59,3425.13,93688,98137584,130342912,0.00,3505273,0.00,0,0.00,0,0.00,0,0.00,0,0.00,2138583,0.00,0,0.00,0,0.00,0,0.00,0,B
2016-1-4,10:27:04,3425.17,85360,98222944,106471424,0.00,3527520,0.00,0,0.00,0,0.00,0,0.00,0,0.00,2122415,0.00,0,0.00,0,0.00,0,0.00,0,B
2016-1-4,10:27:08,3425.96,51448,98274392,71655424,0.00,3551130,0.00,0,0.00,0,0.00,0,0.00,0,0.00,2093652,0.00,0,0.00,0,0.00,0,0.00,0,B
2016-1-4,10:27:14,3426.23,92696,98367088,128991232,0.00,3548847,0.00,0,0.00,0,0.00,0,0.00,0,0.00,2084977,0.00,0,0.00,0,0.00,0,0.00,0,B
2016-1-4,10:27:19,3426.75,81416,98448504,119439360,0.00,3552542,0.00,0,0.00,0,0.00,0,0.00,0,0.00,2104764,0.00,0,0.00,0,0.00,0,0.00,0,B
2016-1-4,10:27:23,3426.76,47968,98496472,73949184,0.00,3556967,0.00,0,0.00,0,0.00,0,0.00,0,0.00,2124006,0.00,0,0.00,0,0.00,0,0.00,0,B
2016-1-4,10:27:29,3426.48,102672,98599144,129220608,0.00,3557115,0.00,0,0.00,0,0.00,0,0.00,0,0.00,2111283,0.00,0,0.00,0,0.00,0,0.00,0,B
2016-1-4,10:27:34,3426.65,87208,98686352,119889920,0.00,3573638,0.00,0,0.00,0,0.00,0,0.00,0,0.00,2124897,0.00,0,0.00,0,0.00,0,0.00,0,B
2016-1-4,10:27:38,3427.31,61720,98748072,89079808,0.00,3549418,0.00,0,0.00,0,0.00,0,0.00,0,0.00,2131007,0.00,0,0.00,0,0.00,0,0.00,0,B
2016-1-4,10:27:44,3427.90,95800,98843872,124764160,0.00,3565555,0.00,0,0.00,0,0.00,0,0.00,0,0.00,2115563,0.00,0,0.00,0,0.00,0,0.00,0,B
2016-1-4,10:27:49,3426.84,99472,98943344,120569856,0.00,3563220,0.00,0,0.00,0,0.00,0,0.00,0,0.00,2081987,0.00,0,0.00,0,0.00,0,0.00,0,B
2016-1-4,10:27:53,3427.21,70248,99013592,88825856,0.00,3571907,0.00,0,0.00,0,0.00,0,0.00,0,0.00,2112858,0.00,0,0.00,0,0.00,0,0.00,0,B
2016-1-4,10:27:59,3427.05,106288,99119880,144916480,0.00,3565386,0.00,0,0.00,0,0.00,0,0.00,0,0.00,2115290,0.00,0,0.00,0,0.00,0,0.00,0,B
2016-1-4,10:28:04,3427.68,96272,99216152,132014080,0.00,3552685,0.00,0,0.00,0,0.00,0,0.00,0,0.00,2123870,0.00,0,0.00,0,0.00,0,0.00,0,B
2016-1-4,10:28:08,3426.91,67448,99283600,88817664,0.00,3578827,0.00,0,0.00,0,0.00,0,0.00,0,0.00,2136216,0.00,0,0.00,0,0.00,0,0.00,0,B
2016-1-4,10:28:14,3427.45,129512,99413112,159219712,0.00,3556883,0.00,0,0.00,0,0.00,0,0.00,0,0.00,2133853,0.00,0,0.00,0,0.00,0,0.00,0,B
2016-1-4,10:28:19,3427.54,99264,99512376,131629056,0.00,3531999,0.00,0,0.00,0,0.00,0,0.00,0,0.00,2141878,0.00,0,0.00,0,0.00,0,0.00,0,B
2016-1-4,10:28:23,3427.72,56392,99568768,82812928,0.00,3534377,0.00,0,0.00,0,0.00,0,0.00,0,0.00,2133212,0.00,0,0.00,0,0.00,0,0.00,0,B
2016-1-4,10:28:29,3427.85,113888,99682656,145719296,0.00,3536604,0.00,0,0.00,0,0.00,0,0.00,0,0.00,2159943,0.00,0,0.00,0,0.00,0,0.00,0,B
2016-1-4,10:28:34,3427.96,112696,99795352,162652160,0.00,3545071,0.00,0,0.00,0,0.00,0,0.00,0,0.00,2183276,0.00,0,0.00,0,0.00,0,0.00,0,B
2016-1-4,10:28:38,3427.55,56360,99851712,82026496,0.00,3553533,0.00,0,0.00,0,0.00,0,0.00,0,0.00,2181618,0.00,0,0.00,0,0.00,0,0.00,0,B
2016-1-4,10:28:44,3427.07,114096,99965808,149143552,0.00,3553678,0.00,0,0.00,0,0.00,0,0.00,0,0.00,2161945,0.00,0,0.00,0,0.00,0,0.00,0,B
2016-1-4,10:28:49,3427.55,93256,100059064,136732672,0.00,3588866,0.00,0,0.00,0,0.00,0,0.00,0,0.00,2158624,0.00,0,0.00,0,0.00,0,0.00,0,B
2016-1-4,10:28:53,3427.71,80120,100139184,97230848,0.00,3588395,0.00,0,0.00,0,0.00,0,0.00,0,0.00,2165860,0.00,0,0.00,0,0.00,0,0.00,0,B
2016-1-4,10:28:59,3427.63,120320,100259504,154902528,0.00,3591821,0.00,0,0.00,0,0.00,0,0.00,0,0.00,2187367,0.00,0,0.00,0,0.00,0,0.00,0,B
2016-1-4,10:29:04,3426.57,107800,100367304,136921088,0.00,3605261,0.00,0,0.00,0,0.00,0,0.00,0,0.00,2195540,0.00,0,0.00,0,0.00,0,0.00,0,B
2016-1-4,10:29:08,3427.17,57488,100424792,89194496,0.00,3595028,0.00,0,0.00,0,0.00,0,0.00,0,0.00,2203046,0.00,0,0.00,0,0.00,0,0.00,0,B
2016-1-4,10:29:14,3427.63,97808,100522600,120717312,0.00,3610304,0.00,0,0.00,0,0.00,0,0.00,0,0.00,2225192,0.00,0,0.00,0,0.00,0,0.00,0,B
2016-1-4,10:29:19,3426.89,98040,100620640,127303680,0.00,3604910,0.00,0,0.00,0,0.00,0,0.00,0,0.00,2180211,0.00,0,0.00,0,0.00,0,0.00,0,B
2016-1-4,10:29:23,3427.99,60424,100681064,88023040,0.00,3628467,0.00,0,0.00,0,0.00,0,0.00,0,0.00,2191389,0.00,0,0.00,0,0.00,0,0.00,0,B
2016-1-4,10:29:29,3427.33,92784,100773848,122839040,0.00,3624371,0.00,0,0.00,0,0.00,0,0.00,0,0.00,2179070,0.00,0,0.00,0,0.00,0,0.00,0,B
2016-1-4,10:29:34,3427.34,92880,100866728,125616128,0.00,3654463,0.00,0,0.00,0,0.00,0,0.00,0,0.00,2177923,0.00,0,0.00,0,0.00,0,0.00,0,B
2016-1-4,10:29:38,3426.66,73640,100940368,96092160,0.00,3631536,0.00,0,0.00,0,0.00,0,0.00,0,0.00,2119455,0.00,0,0.00,0,0.00,0,0.00,0,B
2016-1-4,10:29:44,3426.73,100832,101041200,135938048,0.00,3632853,0.00,0,0.00,0,0.00,0,0.00,0,0.00,2125157,0.00,0,0.00,0,0.00,0,0.00,0,B
2016-1-4,10:29:49,3427.01,86816,101128016,116547584,0.00,3631767,0.00,0,0.00,0,0.00,0,0.00,0,0.00,2145495,0.00,0,0.00,0,0.00,0,0.00,0,B
2016-1-4,10:29:53,3426.69,65368,101193384,88244224,0.00,3672392,0.00,0,0.00,0,0.00,0,0.00,0,0.00,2126458,0.00,0,0.00,0,0.00,0,0.00,0,B
2016-1-4,10:29:59,3426.08,96160,101289544,134209536,0.00,3660172,0.00,0,0.00,0,0.00,0,0.00,0,0.00,2122472,0.00,0,0.00,0,0.00,0,0.00,0,B
2016-1-4,10:30:04,3426.30,90184,101379728,129081344,0.00,3657356,0.00,0,0.00,0,0.00,0,0.00,0,0.00,2136727,0.00,0,0.00,0,0.00,0,0.00,0,B
2016-1-4,10:30:08,3425.86,53648,101433376,70819840,0.00,3691770,0.00,0,0.00,0,0.00,0,0.00,0,0.00,2128918,0.00,0,0.00,0,0.00,0,0.00,0,B
2016-1-4,10:30:14,3425.53,100232,101533608,133103616,0.00,3671093,0.00,0,0.00,0,0.00,0,0.00,0,0.00,2137339,0.00,0,0.00,0,0.00,0,0.00,0,B
2016-1-4,10:30:19,3425.53,96216,101629824,118472704,0.00,3701660,0.00,0,0.00,0,0.00,0,0.00,0,0.00,2131997,0.00,0,0.00,0,0.00,0,0.00,0,B
2016-1-4,10:30:23,3425.34,48208,101678032,69238784,0.00,3738118,0.00,0,0.00,0,0.00,0,0.00,0,0.00,2128304,0.00,0,0.00,0,0.00,0,0.00,0,B
2016-1-4,10:30:29,3423.94,93288,101771320,125452288,0.00,3732176,0.00,0,0.00,0,0.00,0,0.00,0,0.00,2121945,0.00,0,0.00,0,0.00,0,0.00,0,B
2016-1-4,10:30:34,3424.57,88800,101860120,112312320,0.00,3761509,0.00,0,0.00,0,0.00,0,0.00,0,0.00,2118867,0.00,0,0.00,0,0.00,0,0.00,0,B
2016-1-4,10:30:38,3423.03,59256,101919376,79298560,0.00,3774971,0.00,0,0.00,0,0.00,0,0.00,0,0.00,2147909,0.00,0,0.00,0,0.00,0,0.00,0,B
2016-1-4,10:30:44,3423.64,111408,102030784,140214272,0.00,3760611,0.00,0,0.00,0,0.00,0,0.00,0,0.00,2150948,0.00,0,0.00,0,0.00,0,0.00,0,B
2016-1-4,10:30:49,3423.71,87216,102118000,113737728,0.00,3753067,0.00,0,0.00,0,0.00,0,0.00,0,0.00,2148563,0.00,0,0.00,0,0.00,0,0.00,0,B
2016-1-4,10:30:53,3423.31,66128,102184128,87425024,0.00,3777138,0.00,0,0.00,0,0.00,0,0.00,0,0.00,2137356,0.00,0,0.00,0,0.00,0,0.00,0,B
2016-1-4,10:30:59,3423.08,95456,102279584,126713856,0.00,3789124,0.00,0,0.00,0,0.00,0,0.00,0,0.00,2128993,0.00,0,0.00,0,0.00,0,0.00,0,B
2016-1-4,10:31:04,3422.48,86096,102365680,108969984,0.00,3793644,0.00,0,0.00,0,0.00,0,0.00,0,0.00,2144155,0.00,0,0.00,0,0.00,0,0.00,0,B
2016-1-4,10:31:08,3422.56,61064,102426744,75087872,0.00,3787553,0.00,0,0.00,0,0.00,0,0.00,0,0.00,2151294,0.00,0,0.00,0,0.00,0,0.00,0,B
2016-1-4,10:31:14,3422.21,82520,102509264,108724224,0.00,3826890,0.00,0,0.00,0,0.00,0,0.00,0,0.00,2094761,0.00,0,0.00,0,0.00,0,0.00,0,B
2016-1-4,10:31:19,3421.69,82496,102591760,111116288,0.00,3827525,0.00,0,0.00,0,0.00,0,0.00,0,0.00,2094052,0.00,0,0.00,0,0.00,0,0.00,0,B
2016-1-4,10:31:23,3421.77,55408,102647168,72368128,0.00,3866395,0.00,0,0.00,0,0.00,0,0.00,0,0.00,2088522,0.00,0,0.00,0,0.00,0,0.00,0,B
2016-1-4,10:31:29,3421.56,86424,102733592,113655808,0.00,3864581,0.00,0,0.00,0,0.00,0,0.00,0,0.00,2085140,0.00,0,0.00,0,0.00,0,0.00,0,B
2016-1-4,10:31:34,3421.51,88464,102822056,111411200,0.00,3878575,0.00,0,0.00,0,0.00,0,0.00,0,0.00,2082480,0.00,0,0.00,0,0.00,0,0.00,0,B
2016-1-4,10:31:38,3421.18,51152,102873208,66617344,0.00,3868888,0.00,0,0.00,0,0.00,0,0.00,0,0.00,2102861,0.00,0,0.00,0,0.00,0,0.00,0,B
2016-1-4,10:31:44,3420.99,101000,102974208,115179520,0.00,3867514,0.00,0,0.00,0,0.00,0,0.00,0,0.00,2094576,0.00,0,0.00,0,0.00,0,0.00,0,B
2016-1-4,10:31:49,3420.33,69008,103043216,90521600,0.00,3872728,0.00,0,0.00,0,0.00,0,0.00,0,0.00,2084226,0.00,0,0.00,0,0.00,0,0.00,0,B
