日期,时间,成交价,成交量,总量,额,B1价,B1量,B2价,B2量,B3价,B3量,B4价,B4量,B5价,B5量,S1价,S1量,S2价,S2量,S3价,S3量,S4价,S4量,S5价,S5量,BS
2016-1-27,09:15:12,9.87,0,0,0,9.87,583,0.00,1057,0.00,0,0.00,0,0.00,0,9.87,583,0.00,0,0.00,0,0.00,0,0.00,0,B
2016-1-27,09:18:10,9.88,0,0,0,9.88,627,9.87,0,9.86,0,9.85,0,9.84,0,9.88,627,9.89,166,9.90,0,9.91,0,9.92,0,B
2016-1-27,09:18:33,9.99,0,0,0,9.99,1365,9.98,0,9.97,0,9.96,0,9.95,0,9.99,1365,10.00,401,10.01,0,10.02,0,10.03,0,B
2016-1-27,09:19:19,9.88,0,0,0,9.88,661,9.87,0,9.86,0,9.85,0,9.84,0,9.88,661,9.89,143,9.90,0,9.91,0,9.92,0,B
2016-1-27,09:20:54,9.90,0,0,0,9.90,831,9.89,17,9.88,0,9.87,0,9.86,0,9.90,831,9.91,0,9.92,0,9.93,0,9.94,0,B
2016-1-27,09:21:24,9.92,0,0,0,9.92,866,9.91,27,9.90,0,9.89,0,9.88,0,9.92,866,9.93,0,9.94,0,9.95,0,9.96,0,B
2016-1-27,09:21:33,9.91,0,0,0,9.91,936,9.90,15,9.89,0,9.88,0,9.87,0,9.91,936,9.92,0,9.93,0,9.94,0,9.95,0,B
2016-1-27,09:21:41,9.90,0,0,0,9.90,973,9.89,211,9.88,0,9.87,0,9.86,0,9.90,973,9.91,0,9.92,0,9.93,0,9.94,0,B
2016-1-27,09:22:12,9.91,0,0,0,9.91,1009,9.90,15,9.89,0,9.88,0,9.87,0,9.91,1009,9.92,0,9.93,0,9.94,0,9.95,0,B
2016-1-27,09:22:33,9.89,0,0,0,9.89,1440,9.88,106,9.87,0,9.86,0,9.85,0,9.89,1440,9.90,0,9.91,0,9.92,0,9.93,0,B
2016-1-27,09:22:50,9.90,0,0,0,9.90,1527,9.89,183,9.88,0,9.87,0,9.86,0,9.90,1527,9.91,0,9.92,0,9.93,0,9.94,0,B
2016-1-27,09:23:51,9.91,0,0,0,9.91,2184,9.90,148,9.89,0,9.88,0,9.87,0,9.91,2184,9.92,0,9.93,0,9.94,0,9.95,0,B
2016-1-27,09:24:03,9.90,0,0,0,9.90,2626,9.89,613,9.88,0,9.87,0,9.86,0,9.90,2626,9.91,0,9.92,0,9.93,0,9.94,0,B
2016-1-27,09:24:24,9.91,0,0,0,9.91,2682,9.90,251,9.89,0,9.88,0,9.87,0,9.91,2682,9.92,0,9.93,0,9.94,0,9.95,0,B
2016-1-27,09:24:51,9.92,0,0,0,9.92,3277,9.91,522,9.90,0,9.89,0,9.88,0,9.92,3277,9.93,0,9.94,0,9.95,0,9.96,0,B
2016-1-27,09:25:00,9.93,3287,3287,3264288,9.93,369,9.92,700,9.91,710,9.90,1139,9.89,277,9.94,52,9.95,58,9.96,88,9.97,121,9.98,839,S
2016-1-27,09:30:00,9.93,15,3302,14895,9.93,354,9.92,700,9.91,711,9.90,1149,9.89,277,9.94,52,9.95,58,9.96,88,9.97,121,9.98,896,S
2016-1-27,09:30:06,9.94,3982,7284,3957950,9.94,1516,9.93,749,9.92,796,9.91,618,9.90,1461,9.95,166,9.96,1330,9.97,2241,9.98,1537,9.99,4498,B
2016-1-27,09:30:09,9.95,12,7296,11940,9.94,1602,9.93,749,9.92,796,9.91,619,9.90,1461,9.95,154,9.96,1330,9.97,2241,9.98,1737,9.99,4498,B
2016-1-27,09:30:11,9.95,57,7353,56715,9.94,1602,9.93,749,9.92,796,9.91,619,9.90,1461,9.95,97,9.96,1330,9.97,2241,9.98,1737,9.99,4498,B
2016-1-27,09:30:16,9.94,452,7805,449323,9.94,1213,9.93,749,9.92,796,9.91,619,9.90,1459,9.95,67,9.96,1330,9.97,2241,9.98,1737,9.99,4498,S
2016-1-27,09:30:18,9.95,77,7882,76605,9.95,133,9.94,1248,9.93,749,9.92,796,9.91,619,9.96,1335,9.97,2241,9.98,1737,9.99,4498,10.00,1166,B
2016-1-27,09:30:22,9.96,438,8320,436248,9.95,236,9.94,1268,9.93,749,9.92,796,9.91,619,9.96,897,9.97,2241,9.98,1737,9.99,4498,10.00,1186,B
2016-1-27,09:30:24,9.96,564,8884,561730,9.95,289,9.94,1343,9.93,749,9.92,796,9.91,609,9.96,347,9.97,2341,9.98,1737,9.99,4508,10.00,1186,B
2016-1-27,09:30:28,9.96,111,8995,110546,9.95,549,9.94,1353,9.93,749,9.92,796,9.91,608,9.96,246,9.97,2180,9.98,1747,9.99,4508,10.00,1186,B
2016-1-27,09:30:31,9.95,135,9130,134333,9.95,615,9.94,1452,9.93,749,9.92,796,9.91,608,9.96,351,9.97,2180,9.98,1747,9.99,4508,10.00,1186,S
2016-1-27,09:30:34,9.96,133,9263,132354,9.95,415,9.94,1366,9.93,698,9.92,796,9.91,608,9.96,602,9.97,2175,9.98,1752,9.99,4508,10.00,1186,B
2016-1-27,09:30:36,9.95,101,9364,100589,9.95,418,9.94,1346,9.93,698,9.92,795,9.91,608,9.96,597,9.97,2170,9.98,1752,9.99,4508,10.00,1186,S
2016-1-27,09:30:39,9.95,572,9936,569140,9.94,1335,9.93,698,9.92,795,9.91,608,9.90,1356,9.95,141,9.96,707,9.97,2170,9.98,1552,9.99,4508,S
2016-1-27,09:30:43,9.95,122,10058,121390,9.94,1335,9.93,698,9.92,795,9.91,608,9.90,1356,9.95,155,9.96,954,9.97,2170,9.98,1552,9.99,4508,B
2016-1-27,09:30:45,9.95,213,10271,211929,9.94,1326,9.93,698,9.92,795,9.91,608,9.90,1356,9.95,172,9.96,1049,9.97,2110,9.98,1554,9.99,4508,B
2016-1-27,09:30:48,9.95,151,10422,150245,9.94,1296,9.93,698,9.92,704,9.91,608,9.90,1325,9.95,21,9.96,1067,9.97,2110,9.98,1604,9.99,4508,B
2016-1-27,09:30:51,9.95,30,10452,29850,9.94,1292,9.93,698,9.92,704,9.91,608,9.90,1355,9.95,113,9.96,1069,9.97,2036,9.98,1604,9.99,4508,B
2016-1-27,09:30:54,9.95,1070,11522,1063648,9.94,319,9.93,698,9.92,704,9.91,608,9.90,1347,9.95,70,9.96,1128,9.97,2016,9.98,1604,9.99,4508,B
2016-1-27,09:30:58,9.94,391,11913,388720,9.93,698,9.92,704,9.91,608,9.90,1347,9.89,302,9.94,229,9.95,191,9.96,1161,9.97,1991,9.98,1604,S
2016-1-27,09:31:00,9.94,234,12147,232596,9.93,690,9.92,704,9.91,608,9.90,1347,9.89,302,9.94,18,9.95,586,9.96,1161,9.97,2012,9.98,1604,B
2016-1-27,09:31:03,9.95,98,12245,97467,9.93,750,9.92,704,9.91,608,9.90,1347,9.89,302,9.95,704,9.96,1163,9.97,1954,9.98,1604,9.99,4513,B
2016-1-27,09:31:06,9.95,55,12300,54725,9.94,12,9.93,764,9.92,704,9.91,598,9.90,1347,9.95,652,9.96,1163,9.97,1954,9.98,1604,9.99,1653,B
2016-1-27,09:31:10,9.95,185,12485,183885,9.93,678,9.92,704,9.91,639,9.90,1366,9.89,302,9.95,681,9.96,1113,9.97,1954,9.98,1604,9.99,1653,B
2016-1-27,09:31:12,9.94,38,12523,37763,9.93,658,9.92,704,9.91,639,9.90,1366,9.89,302,9.94,394,9.95,805,9.96,1113,9.97,1954,9.98,1604,S
2016-1-27,09:31:16,9.94,109,12632,108346,9.93,658,9.92,504,9.91,639,9.90,1366,9.89,302,9.94,299,9.95,805,9.96,1083,9.97,1954,9.98,1404,B
2016-1-27,09:31:18,9.94,154,12786,153076,9.93,668,9.92,504,9.91,639,9.90,1356,9.89,303,9.94,145,9.95,3697,9.96,1079,9.97,1954,9.98,1404,B
2016-1-27,09:31:21,9.94,158,12944,156992,9.93,608,9.92,504,9.91,639,9.90,1356,9.89,303,9.94,71,9.95,3707,9.96,1079,9.97,1954,9.98,1404,B
2016-1-27,09:31:25,9.94,26,12970,25834,9.93,518,9.92,534,9.91,639,9.90,1357,9.89,303,9.94,56,9.95,3707,9.96,1081,9.97,1944,9.98,1387,B
2016-1-27,09:31:28,9.94,224,13194,222451,9.93,319,9.92,534,9.91,639,9.90,1357,9.89,303,9.94,54,9.95,3725,9.96,1068,9.97,1926,9.98,1387,B
2016-1-27,09:31:31,9.93,126,13320,125148,9.93,233,9.92,534,9.91,739,9.90,1409,9.89,303,9.94,115,9.95,3658,9.96,1068,9.97,1926,9.98,1387,S
2016-1-27,09:31:34,9.93,581,13901,577342,9.92,534,9.91,734,9.90,1409,9.89,303,9.88,430,9.93,466,9.94,104,9.95,3639,9.96,1068,9.97,1846,S
2016-1-27,09:31:36,9.93,87,13988,86370,9.92,513,9.91,1234,9.90,1409,9.89,303,9.88,430,9.93,423,9.94,933,9.95,3639,9.96,855,9.97,1846,B
2016-1-27,09:31:39,9.93,354,14342,351522,9.92,513,9.91,1234,9.90,1399,9.89,303,9.88,430,9.93,335,9.94,1118,9.95,3639,9.96,835,9.97,1846,B
2016-1-27,09:31:43,9.92,344,14686,341280,9.92,201,9.91,1234,9.90,1399,9.89,303,9.88,430,9.93,433,9.94,1138,9.95,3624,9.96,835,9.97,1846,S
2016-1-27,09:31:46,9.93,111,14797,110143,9.92,121,9.91,1234,9.90,1399,9.89,303,9.88,430,9.93,494,9.94,1199,9.95,3624,9.96,835,9.97,1846,B
2016-1-27,09:31:49,9.93,172,14969,170646,9.92,57,9.91,1234,9.90,1395,9.89,303,9.88,430,9.93,486,9.94,1199,9.95,3624,9.96,835,9.97,1735,B
2016-1-27,09:31:51,9.92,50,15019,49643,9.92,50,9.91,1734,9.90,1394,9.89,303,9.88,430,9.93,443,9.94,1223,9.95,3614,9.96,835,9.97,1735,S
2016-1-27,09:31:54,9.92,164,15183,162688,9.91,1749,9.90,1394,9.89,303,9.88,430,9.87,1702,9.92,23,9.93,541,9.94,1233,9.95,3594,9.96,835,S
2016-1-27,09:31:57,9.93,47,15230,46648,9.91,1749,9.90,1394,9.89,303,9.88,430,9.87,1702,9.93,524,9.94,1253,9.95,3594,9.96,835,9.97,1735,B
2016-1-27,09:32:00,9.93,477,15707,473476,9.92,10,9.91,1700,9.90,1394,9.89,303,9.88,430,9.93,202,9.94,1250,9.95,704,9.96,835,9.97,1725,B
2016-1-27,09:32:03,9.93,54,15761,53616,9.92,4,9.91,1690,9.90,1394,9.89,303,9.88,430,9.93,157,9.94,1250,9.95,704,9.96,824,9.97,1725,B
2016-1-27,09:32:07,9.91,86,15847,85241,9.91,1619,9.90,1399,9.89,303,9.88,440,9.87,1700,9.92,29,9.93,323,9.94,1244,9.95,704,9.96,814,S
2016-1-27,09:32:08,9.91,125,15972,123900,9.91,1519,9.90,1399,9.89,303,9.88,440,9.87,1700,9.92,139,9.93,423,9.94,1244,9.95,702,9.96,796,S
2016-1-27,09:32:13,9.92,43,16015,42646,9.91,1509,9.90,1404,9.89,303,9.88,450,9.87,1700,9.92,126,9.93,423,9.94,1244,9.95,672,9.96,796,B
2016-1-27,09:32:16,9.92,89,16104,88288,9.91,1506,9.90,1404,9.89,303,9.88,450,9.87,1730,9.92,55,9.93,433,9.94,1237,9.95,672,9.96,796,B
2016-1-27,09:32:19,9.92,511,16615,506181,9.92,90,9.91,1063,9.90,1384,9.89,303,9.88,450,9.93,435,9.94,1237,9.95,632,9.96,796,9.97,1575,B
2016-1-27,09:32:21,9.92,78,16693,77378,9.92,49,9.91,1063,9.90,1404,9.89,303,9.88,450,9.93,443,9.94,1237,9.95,632,9.96,796,9.97,1572,S
2016-1-27,09:32:25,9.93,19,16712,18858,9.92,92,9.91,1063,9.90,1404,9.89,303,9.88,450,9.93,523,9.94,1201,9.95,632,9.96,796,9.97,1572,B
2016-1-27,09:32:27,9.92,93,16805,92256,9.91,1063,9.90,1404,9.89,303,9.88,450,9.87,1730,9.92,8,9.93,623,9.94,1201,9.95,632,9.96,796,S
2016-1-27,09:32:31,9.92,55,16860,54560,9.92,455,9.91,1082,9.90,1434,9.89,303,9.88,440,9.93,613,9.94,1201,9.95,632,9.96,796,9.97,1572,B
2016-1-27,09:32:33,9.93,669,17529,663769,9.92,1,9.91,1036,9.90,1426,9.89,303,9.88,499,9.93,465,9.94,445,9.95,632,9.96,796,9.97,1572,B
2016-1-27,09:32:37,9.92,21,17550,20832,9.91,1046,9.90,1421,9.89,303,9.88,499,9.87,1729,9.92,95,9.93,465,9.94,445,9.95,632,9.96,796,S
2016-1-27,09:32:40,9.92,21,17571,20832,9.91,1046,9.90,1421,9.89,303,9.88,499,9.87,1729,9.92,129,9.93,635,9.94,445,9.95,632,9.96,796,B
2016-1-27,09:32:43,9.91,16,17587,15864,9.91,1036,9.90,1421,9.89,303,9.88,499,9.87,1729,9.92,172,9.93,719,9.94,420,9.95,602,9.96,796,S
2016-1-27,09:32:45,9.91,32,17619,31724,9.91,1022,9.90,1421,9.89,303,9.88,499,9.87,1729,9.92,218,9.93,719,9.94,370,9.95,602,9.96,796,S
2016-1-27,09:32:48,9.91,55,17674,54522,9.91,983,9.90,1432,9.89,303,9.88,499,9.87,1729,9.92,212,9.93,722,9.94,370,9.95,602,9.96,796,S
2016-1-27,09:32:51,9.92,104,17778,103168,9.91,983,9.90,1417,9.89,303,9.88,499,9.87,1729,9.92,133,9.93,722,9.94,370,9.95,602,9.96,800,B
2016-1-27,09:32:55,9.92,280,18058,277810,9.91,960,9.90,1417,9.89,303,9.88,499,9.87,1729,9.92,38,9.93,658,9.94,370,9.95,602,9.96,800,B
2016-1-27,09:32:58,9.91,26,18084,25772,9.91,940,9.90,1433,9.89,303,9.88,499,9.87,1729,9.92,2038,9.93,663,9.94,365,9.95,602,9.96,800,S
2016-1-27,09:33:00,9.91,91,18175,90232,9.91,900,9.90,1433,9.89,303,9.88,499,9.87,1729,9.92,2117,9.93,663,9.94,365,9.95,602,9.96,800,S
2016-1-27,09:33:03,9.91,116,18291,114962,9.91,771,9.90,1433,9.89,303,9.88,499,9.87,1729,9.92,2164,9.93,665,9.94,365,9.95,602,9.96,800,S
2016-1-27,09:33:07,9.92,723,19014,716892,9.91,535,9.90,1433,9.89,303,9.88,519,9.87,1731,9.92,1785,9.93,665,9.94,365,9.95,602,9.96,800,B
2016-1-27,09:33:10,9.91,89,19103,88814,9.91,465,9.90,1443,9.89,300,9.88,558,9.87,1731,9.92,1835,9.93,665,9.94,365,9.95,602,9.96,800,S
2016-1-27,09:33:13,9.91,506,19609,501168,9.90,1446,9.89,300,9.88,558,9.87,1731,9.86,525,9.91,55,9.92,1824,9.93,563,9.94,365,9.95,602,S
2016-1-27,09:33:15,9.91,40,19649,39640,9.90,1446,9.89,300,9.88,564,9.87,1741,9.86,525,9.91,425,9.92,1824,9.93,563,9.94,385,9.95,602,B
2016-1-27,09:33:18,9.91,205,19854,203156,9.90,1436,9.89,300,9.88,574,9.87,1741,9.86,525,9.91,613,9.92,1824,9.93,563,9.94,385,9.95,602,B
2016-1-27,09:33:21,9.90,1539,21393,1525188,9.90,1009,9.89,300,9.88,574,9.87,1741,9.86,525,9.91,212,9.92,1346,9.93,563,9.94,385,9.95,602,S
2016-1-27,09:33:24,9.91,72,21465,71346,9.90,1002,9.89,300,9.88,574,9.87,1743,9.86,525,9.91,204,9.92,1346,9.93,561,9.94,385,9.95,402,B
2016-1-27,09:33:27,9.90,1075,22540,1064322,9.89,300,9.88,574,9.87,1743,9.86,525,9.85,1634,9.90,149,9.91,152,9.92,1286,9.93,561,9.94,385,S
2016-1-27,09:33:30,9.90,67,22607,66332,9.89,300,9.88,574,9.87,1742,9.86,525,9.85,1634,9.90,93,9.91,244,9.92,1286,9.93,561,9.94,385,B
2016-1-27,09:33:33,9.90,349,22956,345728,9.89,300,9.88,574,9.87,1742,9.86,535,9.85,1634,9.90,14,9.91,576,9.92,1286,9.93,561,9.94,385,B
2016-1-27,09:33:37,9.90,102,23058,100980,9.90,137,9.89,300,9.88,619,9.87,1742,9.86,535,9.91,579,9.92,1286,9.93,561,9.94,375,9.95,402,B
2016-1-27,09:33:39,9.90,189,23247,187080,9.89,268,9.88,719,9.87,1742,9.86,535,9.85,1634,9.90,55,9.91,630,9.92,1286,9.93,561,9.94,365,S
2016-1-27,09:33:42,9.89,179,23426,177080,9.89,139,9.88,719,9.87,1742,9.86,535,9.85,1634,9.90,77,9.91,630,9.92,1286,9.93,561,9.94,365,S
2016-1-27,09:33:45,9.89,42,23468,41538,9.89,97,9.88,719,9.87,1742,9.86,535,9.85,1634,9.90,332,9.91,770,9.92,1277,9.93,561,9.94,365,S
2016-1-27,09:33:48,9.89,144,23612,142546,9.89,317,9.88,737,9.87,1732,9.86,535,9.85,1634,9.90,323,9.91,1228,9.92,225,9.93,541,9.94,365,S
2016-1-27,09:33:50,9.90,116,23728,114784,9.89,397,9.88,737,9.87,1732,9.86,535,9.85,1634,9.90,283,9.91,1228,9.92,225,9.93,521,9.94,341,B
2016-1-27,09:33:54,9.89,267,23995,264092,9.89,160,9.88,727,9.87,1732,9.86,535,9.85,1639,9.90,269,9.91,1228,9.92,225,9.93,521,9.94,351,S
2016-1-27,09:33:57,9.89,104,24099,102884,9.89,86,9.88,927,9.87,1732,9.86,685,9.85,1639,9.90,739,9.91,1228,9.92,225,9.93,521,9.94,351,S
2016-1-27,09:34:00,9.89,136,24235,134504,9.88,927,9.87,1728,9.86,680,9.85,1639,9.84,55,9.89,4,9.90,759,9.91,1228,9.92,225,9.93,521,S
2016-1-27,09:34:06,9.89,32,24267,31644,9.88,977,9.87,1728,9.86,680,9.85,1639,9.84,55,9.89,87,9.90,776,9.91,1238,9.92,225,9.93,533,B
2016-1-27,09:34:09,9.89,6,24273,5932,9.88,974,9.87,1728,9.86,680,9.85,1639,9.84,55,9.89,94,9.90,816,9.91,1238,9.92,225,9.93,533,B
2016-1-27,09:34:13,9.88,125,24398,123500,9.88,1021,9.87,1728,9.86,749,9.85,1639,9.84,55,9.89,232,9.90,816,9.91,1238,9.92,225,9.93,533,S
2016-1-27,09:34:16,9.88,687,25085,678816,9.88,394,9.87,1728,9.86,749,9.85,1639,9.84,55,9.89,183,9.90,826,9.91,1211,9.92,225,9.93,533,S
2016-1-27,09:34:19,9.89,263,25348,260326,9.89,67,9.88,338,9.87,1728,9.86,749,9.85,1639,9.90,805,9.91,1172,9.92,225,9.93,533,9.94,351,B
2016-1-27,09:34:21,9.88,341,25689,337118,9.88,233,9.87,1728,9.86,749,9.85,1639,9.84,55,9.90,745,9.91,1172,9.92,225,9.93,533,9.94,351,S
2016-1-27,09:34:24,9.90,128,25817,126548,9.89,98,9.88,183,9.87,1728,9.86,749,9.85,1639,9.90,739,9.91,599,9.92,225,9.93,533,9.94,351,B
2016-1-27,09:34:28,9.90,193,26010,191000,9.89,49,9.88,711,9.87,1728,9.86,749,9.85,1639,9.90,2298,9.91,599,9.92,225,9.93,533,9.94,351,B
2016-1-27,09:34:30,9.90,647,26657,640502,9.89,22,9.88,711,9.87,1726,9.86,749,9.85,1639,9.90,1633,9.91,559,9.92,225,9.93,533,9.94,351,B
2016-1-27,09:34:33,9.88,106,26763,104834,9.88,760,9.87,1726,9.86,749,9.85,1639,9.84,61,9.90,1609,9.91,559,9.92,225,9.93,533,9.94,351,S
2016-1-27,09:34:37,9.89,90,26853,89068,9.88,760,9.87,1726,9.86,749,9.85,1639,9.84,61,9.89,268,9.90,1562,9.91,559,9.92,225,9.93,533,B
2016-1-27,09:34:39,9.88,84,26937,83016,9.88,719,9.87,1726,9.86,749,9.85,1639,9.84,61,9.89,295,9.90,1562,9.91,559,9.92,225,9.93,533,S
2016-1-27,09:34:42,9.88,26,26963,25708,9.88,713,9.87,1726,9.86,749,9.85,1639,9.84,61,9.89,421,9.90,1572,9.91,559,9.92,225,9.93,563,S
2016-1-27,09:34:45,9.89,335,27298,331036,9.88,447,9.87,1726,9.86,749,9.85,1639,9.84,61,9.89,385,9.90,1572,9.91,558,9.92,225,9.93,563,B
2016-1-27,09:34:48,9.89,183,27481,180896,9.88,555,9.87,1726,9.86,749,9.85,1639,9.84,61,9.89,294,9.90,1572,9.91,458,9.92,225,9.93,563,B
2016-1-27,09:34:51,9.88,575,28056,568636,9.88,481,9.87,1727,9.86,749,9.85,1633,9.84,61,9.89,100,9.90,1451,9.91,458,9.92,225,9.93,563,S
2016-1-27,09:34:54,9.90,296,28352,292692,9.88,514,9.87,1737,9.86,749,9.85,1633,9.84,61,9.90,1418,9.91,458,9.92,232,9.93,563,9.94,271,B
2016-1-27,09:34:58,9.90,7,28359,6932,9.89,23,9.88,583,9.87,1740,9.86,776,9.85,1633,9.90,1411,9.91,458,9.92,232,9.93,563,9.94,271,B
2016-1-27,09:35:00,9.90,1534,29893,1518312,9.90,715,9.89,329,9.88,583,9.87,1740,9.86,776,9.91,458,9.92,232,9.93,563,9.94,271,9.95,413,B
2016-1-27,09:35:03,9.91,496,30389,491498,9.91,98,9.90,10,9.89,366,9.88,494,9.87,1740,9.92,232,9.93,563,9.94,271,9.95,413,9.96,333,B
2016-1-27,09:35:07,9.91,85,30474,84314,9.91,6,9.90,249,9.89,366,9.88,540,9.87,1740,9.92,152,9.93,563,9.94,271,9.95,413,9.96,333,S
2016-1-27,09:35:09,9.92,34,30508,33690,9.90,248,9.89,376,9.88,596,9.87,1745,9.86,776,9.92,143,9.93,563,9.94,271,9.95,413,9.96,333,B
2016-1-27,09:35:13,9.90,19,30527,18824,9.91,1,9.90,247,9.89,376,9.88,617,9.87,1745,9.92,146,9.93,533,9.94,271,9.95,413,9.96,333,S
2016-1-27,09:35:16,9.92,48,30575,47614,9.90,249,9.89,376,9.88,619,9.87,1745,9.86,776,9.92,149,9.93,484,9.94,271,9.95,413,9.96,333,B
2016-1-27,09:35:18,9.91,72,30647,71316,9.91,10,9.90,228,9.89,376,9.88,619,9.87,1745,9.92,142,9.93,484,9.94,271,9.95,413,9.96,333,S
2016-1-27,09:35:22,9.92,90,30737,89252,9.91,305,9.90,237,9.89,376,9.88,619,9.87,1745,9.92,78,9.93,484,9.94,271,9.95,413,9.96,333,B
2016-1-27,09:35:24,9.91,92,30829,91232,9.91,273,9.90,337,9.89,462,9.88,639,9.87,1745,9.92,42,9.93,484,9.94,271,9.95,413,9.96,333,S
2016-1-27,09:35:27,9.93,58,30887,57552,9.91,273,9.90,347,9.89,474,9.88,554,9.87,1745,9.93,468,9.94,260,9.95,409,9.96,324,9.97,1027,B
2016-1-27,09:35:30,9.91,269,31156,266580,9.91,4,9.90,347,9.89,484,9.88,571,9.87,1745,9.92,58,9.93,464,9.94,260,9.95,409,9.96,324,S
2016-1-27,09:35:33,9.90,516,31672,510916,9.89,495,9.88,571,9.87,1745,9.86,749,9.85,1665,9.90,1024,9.92,28,9.93,464,9.94,260,9.95,409,S
2016-1-27,09:35:37,9.89,828,32500,819030,9.89,396,9.88,571,9.87,1745,9.86,749,9.85,1667,9.90,599,9.91,50,9.92,33,9.93,464,9.94,260,S
2016-1-27,09:35:39,9.90,188,32688,186120,9.89,396,9.88,591,9.87,1745,9.86,749,9.85,1667,9.90,431,9.91,107,9.92,33,9.93,474,9.94,260,B
2016-1-27,09:35:42,9.90,441,33129,436590,9.90,760,9.89,396,9.88,591,9.87,1745,9.86,749,9.91,115,9.92,33,9.93,474,9.94,271,9.95,409,B
2016-1-27,09:35:45,9.91,231,33360,228712,9.90,560,9.89,396,9.88,591,9.87,1745,9.86,749,9.91,99,9.92,133,9.93,474,9.94,271,9.95,409,B
2016-1-27,09:35:48,9.91,32,33392,31712,9.90,601,9.89,406,9.88,570,9.87,1745,9.86,749,9.91,67,9.92,133,9.93,474,9.94,271,9.95,409,B
2016-1-27,09:35:51,9.91,405,33797,400980,9.90,227,9.89,418,9.88,572,9.87,1745,9.86,769,9.91,62,9.92,133,9.93,471,9.94,271,9.95,409,B
2016-1-27,09:35:54,9.91,138,33935,136780,9.90,268,9.89,418,9.88,572,9.87,1745,9.86,769,9.91,193,9.92,89,9.93,471,9.94,271,9.95,409,B
2016-1-27,09:35:58,9.91,43,33978,42596,9.90,273,9.89,418,9.88,572,9.87,1765,9.86,769,9.91,165,9.92,89,9.93,461,9.94,271,9.95,419,B
2016-1-27,09:36:01,9.91,43,34021,42596,9.90,278,9.89,418,9.88,553,9.87,1765,9.86,769,9.91,147,9.92,89,9.93,461,9.94,271,9.95,469,B
2016-1-27,09:36:03,9.92,180,34201,178376,9.90,248,9.89,418,9.88,553,9.87,1765,9.86,769,9.92,76,9.93,461,9.94,271,9.95,469,9.96,368,B
2016-1-27,09:36:06,9.90,190,34391,188112,9.91,100,9.90,189,9.89,428,9.88,553,9.87,1767,9.92,122,9.93,461,9.94,271,9.95,469,9.96,368,S
2016-1-27,09:36:12,9.91,3,34394,2976,9.91,503,9.90,368,9.89,454,9.88,553,9.87,1767,9.92,278,9.93,461,9.94,271,9.95,469,9.96,368,S
2016-1-27,09:36:16,9.91,124,34518,122884,9.91,396,9.90,468,9.89,454,9.88,563,9.87,1767,9.92,487,9.93,461,9.94,271,9.95,469,9.96,368,S
2016-1-27,09:36:18,9.92,25,34543,24800,9.91,436,9.90,468,9.89,454,9.88,583,9.87,1767,9.92,512,9.93,461,9.94,271,9.95,472,9.96,368,B
2016-1-27,09:36:21,9.92,17,34560,16864,9.91,467,9.90,468,9.89,454,9.88,598,9.87,1767,9.92,495,9.93,461,9.94,271,9.95,472,9.96,368,B
2016-1-27,09:36:24,9.91,186,34746,184404,9.91,361,9.90,482,9.89,454,9.88,598,9.87,1767,9.92,419,9.93,461,9.94,271,9.95,472,9.96,368,S
2016-1-27,09:36:27,9.91,81,34827,80292,9.91,301,9.90,482,9.89,454,9.88,598,9.87,1769,9.92,398,9.93,461,9.94,271,9.95,472,9.96,368,S
2016-1-27,09:36:30,9.92,110,34937,109120,9.91,321,9.90,482,9.89,464,9.88,788,9.87,1769,9.92,288,9.93,491,9.94,271,9.95,472,9.96,368,B
2016-1-27,09:36:33,9.92,38,34975,37668,9.91,296,9.90,482,9.89,499,9.88,790,9.87,1769,9.92,285,9.93,491,9.94,271,9.95,472,9.96,368,B
2016-1-27,09:36:37,9.92,301,35276,298576,9.92,9,9.91,280,9.90,418,9.89,499,9.88,785,9.93,501,9.94,271,9.95,468,9.96,368,9.97,979,B
2016-1-27,09:36:39,9.92,16,35292,15872,9.92,217,9.91,310,9.90,418,9.89,499,9.88,795,9.93,501,9.94,271,9.95,468,9.96,368,9.97,979,S
2016-1-27,09:36:43,9.93,6,35298,5956,9.92,237,9.91,310,9.90,418,9.89,499,9.88,795,9.93,495,9.94,271,9.95,468,9.96,368,9.97,984,B
2016-1-27,09:36:45,9.92,397,35695,393840,9.92,99,9.91,314,9.90,418,9.89,499,9.88,795,9.93,521,9.94,271,9.95,468,9.96,368,9.97,984,S
2016-1-27,09:36:48,9.92,130,35825,128960,9.91,644,9.90,418,9.89,499,9.88,795,9.87,1769,9.92,70,9.93,521,9.94,271,9.95,468,9.96,368,S
2016-1-27,09:36:52,9.92,70,35895,69440,9.92,23,9.91,660,9.90,415,9.89,499,9.88,795,9.93,521,9.94,271,9.95,518,9.96,368,9.97,984,B
2016-1-27,09:36:55,9.91,39,35934,38676,9.91,649,9.90,435,9.89,499,9.88,795,9.87,1769,9.92,47,9.93,521,9.94,271,9.95,508,9.96,396,S
2016-1-27,09:36:57,9.92,63,35997,62472,9.91,676,9.90,435,9.89,499,9.88,795,9.87,1784,9.92,17,9.93,521,9.94,271,9.95,508,9.96,396,B
2016-1-27,09:37:00,9.93,326,36323,323704,9.91,676,9.90,435,9.89,499,9.88,795,9.87,1784,9.93,212,9.94,277,9.95,508,9.96,396,9.97,984,B
2016-1-27,09:37:03,9.92,27,36350,26784,9.91,761,9.90,435,9.89,499,9.88,797,9.87,1784,9.92,181,9.93,222,9.94,277,9.95,508,9.96,396,S
2016-1-27,09:37:06,9.92,91,36441,90272,9.91,761,9.90,432,9.89,499,9.88,797,9.87,1784,9.92,139,9.93,222,9.94,277,9.95,508,9.96,396,B
2016-1-27,09:37:09,9.92,473,36914,468792,9.91,339,9.90,432,9.89,499,9.88,797,9.87,1784,9.92,88,9.93,244,9.94,277,9.95,508,9.96,396,B
2016-1-27,09:37:12,9.93,125,37039,124032,9.91,379,9.90,432,9.89,499,9.88,797,9.87,1784,9.93,222,9.94,277,9.95,508,9.96,396,9.97,984,B
2016-1-27,09:37:16,9.93,35,37074,34756,9.91,444,9.90,432,9.89,499,9.88,804,9.87,1784,9.92,130,9.93,193,9.94,277,9.95,508,9.96,396,B
2016-1-27,09:37:18,9.92,33,37107,32736,9.91,444,9.90,432,9.89,499,9.88,804,9.87,1784,9.92,107,9.93,193,9.94,277,9.95,508,9.96,396,B
2016-1-27,09:37:20,9.92,71,37178,70404,9.91,414,9.90,432,9.89,499,9.88,804,9.87,1784,9.92,66,9.93,193,9.94,277,9.95,518,9.96,401,B
2016-1-27,09:37:24,9.93,101,37279,100224,9.91,424,9.90,442,9.89,499,9.88,804,9.87,1784,9.93,158,9.94,188,9.95,518,9.96,401,9.97,984,B
2016-1-27,09:37:27,9.93,47,37326,46668,9.92,101,9.91,424,9.90,443,9.89,499,9.88,804,9.93,117,9.94,188,9.95,518,9.96,401,9.97,984,B
2016-1-27,09:37:31,9.92,55,37381,54580,9.92,126,9.91,424,9.90,443,9.89,499,9.88,604,9.93,96,9.94,188,9.95,518,9.96,401,9.97,984,S
2016-1-27,09:37:33,9.93,218,37599,216236,9.92,4,9.91,372,9.90,448,9.89,499,9.88,614,9.93,66,9.94,188,9.95,518,9.96,401,9.97,984,B
2016-1-27,09:37:36,9.93,50,37649,49648,9.92,336,9.91,372,9.90,458,9.89,499,9.88,673,9.93,16,9.94,195,9.95,518,9.96,401,9.97,984,B
2016-1-27,09:37:39,9.92,53,37702,52612,9.92,318,9.91,372,9.90,458,9.89,494,9.88,673,9.93,120,9.94,236,9.95,518,9.96,401,9.97,984,S
2016-1-27,09:37:42,9.93,15,37717,14896,9.92,327,9.91,372,9.90,461,9.89,504,9.88,673,9.93,206,9.94,286,9.95,518,9.96,401,9.97,984,B
2016-1-27,09:37:45,9.93,43,37760,42656,9.92,332,9.91,377,9.90,471,9.89,504,9.88,674,9.93,203,9.94,301,9.95,518,9.96,401,9.97,984,B
2016-1-27,09:37:48,9.93,119,37879,118068,9.92,231,9.91,377,9.90,471,9.89,504,9.88,674,9.93,483,9.94,301,9.95,518,9.96,401,9.97,984,B
2016-1-27,09:37:51,9.93,181,38060,179716,9.92,211,9.91,377,9.90,471,9.89,504,9.88,674,9.93,322,9.94,311,9.95,528,9.96,451,9.97,984,B
2016-1-27,09:37:54,9.92,36,38096,35736,9.92,202,9.91,377,9.90,476,9.89,492,9.88,686,9.93,296,9.94,311,9.95,528,9.96,451,9.97,984,S
2016-1-27,09:37:58,9.93,10,38106,9928,9.92,206,9.91,377,9.90,486,9.89,492,9.88,686,9.93,286,9.94,311,9.95,528,9.96,461,9.97,984,B
2016-1-27,09:38:00,9.92,229,38335,227192,9.91,377,9.90,486,9.89,492,9.88,686,9.87,1784,9.92,77,9.93,265,9.94,311,9.95,528,9.96,461,S
2016-1-27,09:38:03,9.93,105,38440,104188,9.92,17,9.91,377,9.90,486,9.89,492,9.88,686,9.93,237,9.94,311,9.95,528,9.96,461,9.97,984,B
2016-1-27,09:38:07,9.92,77,38517,76440,9.91,377,9.90,486,9.89,492,9.88,686,9.87,1784,9.92,89,9.93,3069,9.94,311,9.95,418,9.96,461,S
2016-1-27,09:38:09,9.92,20,38537,19840,9.91,377,9.90,471,9.89,492,9.88,686,9.87,1784,9.92,69,9.93,3069,9.94,311,9.95,418,9.96,461,B
2016-1-27,09:38:13,9.92,58,38595,57536,9.91,377,9.90,481,9.89,492,9.88,686,9.87,1784,9.92,12,9.93,3069,9.94,311,9.95,418,9.96,461,B
2016-1-27,09:38:14,9.92,45,38640,44640,9.91,377,9.90,481,9.89,492,9.88,686,9.87,1784,9.92,27,9.93,3074,9.94,311,9.95,418,9.96,461,B
2016-1-27,09:38:18,9.91,412,39052,408324,9.90,481,9.89,492,9.88,686,9.87,1784,9.86,620,9.91,376,9.93,3079,9.94,311,9.95,418,9.96,461,S
2016-1-27,09:38:22,9.91,160,39212,158560,9.90,482,9.89,493,9.88,686,9.87,1784,9.86,620,9.91,407,9.92,520,9.93,3148,9.94,261,9.95,418,B
2016-1-27,09:38:24,9.91,362,39574,358744,9.90,482,9.89,493,9.88,686,9.87,1784,9.86,630,9.91,46,9.92,530,9.93,3148,9.94,261,9.95,468,B
2016-1-27,09:38:27,9.91,1,39575,992,9.90,472,9.89,493,9.88,686,9.87,1784,9.86,630,9.91,45,9.92,530,9.93,3148,9.94,261,9.95,468,B
2016-1-27,09:38:30,9.91,17,39592,16844,9.90,472,9.89,492,9.88,686,9.87,1804,9.86,630,9.91,28,9.92,630,9.93,3148,9.94,261,9.95,437,B
2016-1-27,09:38:34,9.92,114,39706,112820,9.91,11,9.90,416,9.89,492,9.88,686,9.87,1804,9.92,610,9.93,3148,9.94,261,9.95,437,9.96,411,B
2016-1-27,09:38:37,9.90,37,39743,36788,9.90,437,9.89,492,9.88,686,9.87,1804,9.86,630,9.92,598,9.93,3148,9.94,261,9.95,437,9.96,411,S
2016-1-27,09:38:40,9.92,3,39746,2976,9.91,21,9.90,436,9.89,492,9.88,686,9.87,1804,9.92,601,9.93,3148,9.94,261,9.95,451,9.96,411,B
2016-1-27,09:38:42,9.92,5,39751,4960,9.91,22,9.90,336,9.89,492,9.88,686,9.87,1804,9.92,698,9.93,3148,9.94,261,9.95,451,9.96,411,B
2016-1-27,09:38:45,9.92,2,39753,1984,9.91,31,9.90,336,9.89,512,9.88,686,9.87,1804,9.92,701,9.93,3148,9.94,261,9.95,451,9.96,462,B
2016-1-27,09:38:48,9.92,29,39782,28764,9.91,252,9.90,338,9.89,512,9.88,691,9.87,1804,9.92,678,9.93,3148,9.94,261,9.95,451,9.96,462,B
2016-1-27,09:38:51,9.92,1,39783,992,9.91,261,9.90,338,9.89,512,9.88,696,9.87,1813,9.92,687,9.93,3198,9.94,261,9.95,451,9.96,462,B
2016-1-27,09:38:54,9.92,4,39787,3968,9.91,261,9.90,345,9.89,512,9.88,696,9.87,1813,9.92,683,9.93,348,9.94,261,9.95,451,9.96,462,B
2016-1-27,09:38:58,9.92,182,39969,180544,9.91,377,9.90,352,9.89,512,9.88,696,9.87,1813,9.92,550,9.93,348,9.94,261,9.95,451,9.96,462,B
2016-1-27,09:39:00,9.92,57,40026,56544,9.91,391,9.90,455,9.89,512,9.88,696,9.87,1813,9.92,493,9.93,348,9.94,311,9.95,451,9.96,462,B
2016-1-27,09:39:07,9.92,11,40037,10908,9.91,555,9.90,455,9.89,515,9.88,696,9.87,1813,9.92,479,9.93,348,9.94,311,9.95,451,9.96,462,B
2016-1-27,09:39:09,9.91,10,40047,9908,9.91,624,9.90,455,9.89,495,9.88,696,9.87,1813,9.92,479,9.93,348,9.94,311,9.95,451,9.96,462,S
2016-1-27,09:39:13,9.92,481,40528,476672,9.91,147,9.90,455,9.89,495,9.88,696,9.87,1813,9.92,429,9.93,368,9.94,311,9.95,501,9.96,462,B
2016-1-27,09:39:15,9.91,267,40795,264748,9.91,116,9.90,455,9.89,495,9.88,747,9.87,1813,9.92,309,9.93,508,9.94,311,9.95,501,9.96,462,S
2016-1-27,09:39:18,9.91,129,40924,127876,9.91,42,9.90,465,9.89,495,9.88,742,9.87,1813,9.92,271,9.93,508,9.94,311,9.95,501,9.96,462,S
2016-1-27,09:39:21,9.90,94,41018,93164,9.90,444,9.89,495,9.88,742,9.87,1813,9.86,617,9.92,240,9.93,508,9.94,311,9.95,501,9.96,462,S
2016-1-27,09:39:24,9.92,18,41036,17856,9.90,444,9.89,495,9.88,742,9.87,1813,9.86,617,9.92,227,9.93,508,9.94,311,9.95,501,9.96,462,B
2016-1-27,09:39:27,9.90,101,41137,100028,9.90,381,9.89,495,9.88,842,9.87,1813,9.86,627,9.91,669,9.92,227,9.93,508,9.94,311,9.95,501,S
2016-1-27,09:39:30,9.91,558,41695,552980,9.90,381,9.89,495,9.88,842,9.87,1813,9.86,627,9.91,141,9.92,237,9.93,508,9.94,311,9.95,501,B
2016-1-27,09:39:34,9.91,143,41838,141712,9.91,7,9.90,381,9.89,495,9.88,842,9.87,1813,9.92,237,9.93,608,9.94,311,9.95,501,9.96,462,B
2016-1-27,09:39:36,9.91,67,41905,66396,9.90,425,9.89,495,9.88,843,9.87,1808,9.86,627,9.91,433,9.92,237,9.93,628,9.94,311,9.95,501,S
2016-1-27,09:39:43,9.90,47,41952,46576,9.90,568,9.89,495,9.88,850,9.87,1808,9.86,632,9.91,387,9.92,237,9.93,628,9.94,311,9.95,491,S
2016-1-27,09:39:45,9.91,350,42302,346540,9.90,268,9.89,495,9.88,850,9.87,1808,9.86,632,9.91,347,9.92,237,9.93,628,9.94,311,9.95,491,B
2016-1-27,09:39:49,9.90,128,42430,126724,9.90,251,9.89,495,9.88,850,9.87,1808,9.86,632,9.91,342,9.92,237,9.93,628,9.94,311,9.95,491,S
2016-1-27,09:39:51,9.90,425,42855,421160,9.90,316,9.89,495,9.88,850,9.87,1808,9.86,632,9.92,205,9.93,628,9.94,311,9.95,511,9.96,409,S
2016-1-27,09:39:55,9.92,177,43032,175512,9.91,2,9.90,304,9.89,495,9.88,850,9.87,1808,9.92,74,9.93,628,9.94,311,9.95,521,9.96,409,B
2016-1-27,09:39:58,9.91,23,43055,22784,9.91,4,9.90,509,9.89,495,9.88,850,9.87,1808,9.92,70,9.93,628,9.94,311,9.95,521,9.96,404,S
2016-1-27,09:40:07,9.92,40,43095,39680,9.91,146,9.90,576,9.89,495,9.88,907,9.87,1829,9.92,45,9.93,628,9.94,311,9.95,521,9.96,404,B
2016-1-27,09:40:09,9.93,223,43318,221320,9.91,196,9.90,578,9.89,495,9.88,907,9.87,1827,9.93,492,9.94,311,9.95,521,9.96,404,9.97,819,B
2016-1-27,09:40:12,9.91,2,43320,1984,9.91,236,9.90,598,9.89,495,9.88,977,9.87,1835,9.93,477,9.94,311,9.95,521,9.96,404,9.97,819,S
2016-1-27,09:40:15,9.92,11,43331,10908,9.91,194,9.90,426,9.89,495,9.88,1020,9.87,1835,9.92,5,9.93,477,9.94,311,9.95,521,9.96,404,B
2016-1-27,09:40:18,9.92,66,43397,65492,9.92,189,9.91,264,9.90,436,9.89,495,9.88,981,9.93,457,9.94,311,9.95,521,9.96,404,9.97,819,B
2016-1-27,09:40:22,9.93,44,43441,43692,9.92,233,9.91,265,9.90,441,9.89,495,9.88,981,9.93,376,9.94,311,9.95,521,9.96,404,9.97,819,B
2016-1-27,09:40:25,9.92,41,43482,40672,9.92,357,9.91,500,9.90,441,9.89,495,9.88,1011,9.93,376,9.94,311,9.95,521,9.96,404,9.97,819,S
2016-1-27,09:40:27,9.93,147,43629,145920,9.92,312,9.91,473,9.90,447,9.89,495,9.88,1011,9.93,279,9.94,311,9.95,521,9.96,404,9.97,819,B
2016-1-27,09:40:31,9.93,127,43756,126112,9.92,312,9.91,474,9.90,489,9.89,495,9.88,1011,9.93,157,9.94,296,9.95,521,9.96,404,9.97,819,B
2016-1-27,09:40:32,9.93,40,43796,39720,9.92,321,9.91,475,9.90,489,9.89,495,9.88,1011,9.93,117,9.94,296,9.95,521,9.96,404,9.97,819,B
2016-1-27,09:40:36,9.94,377,44173,374440,9.92,233,9.91,475,9.90,469,9.89,403,9.88,1018,9.94,127,9.95,521,9.96,404,9.97,819,9.98,958,B
2016-1-27,09:40:40,9.94,2,44175,1988,9.93,30,9.92,265,9.91,475,9.90,459,9.89,403,9.94,125,9.95,521,9.96,404,9.97,819,9.98,958,B
2016-1-27,09:40:43,9.93,11,44186,10924,9.93,21,9.92,276,9.91,475,9.90,454,9.89,403,9.94,124,9.95,521,9.96,404,9.97,819,9.98,961,S
2016-1-27,09:40:46,9.94,102,44288,101348,9.93,19,9.92,206,9.91,469,9.90,450,9.89,403,9.94,60,9.95,521,9.96,404,9.97,798,9.98,961,B
2016-1-27,09:40:48,9.95,61,44349,60636,9.94,6,9.93,20,9.92,217,9.91,468,9.90,454,9.95,520,9.96,304,9.97,798,9.98,911,9.99,1959,B
2016-1-27,09:40:51,9.95,162,44511,161176,9.93,56,9.92,218,9.91,668,9.90,454,9.89,403,9.95,368,9.96,304,9.97,798,9.98,911,9.99,1959,B
2016-1-27,09:40:55,9.95,18,44529,17892,9.94,10,9.93,184,9.92,254,9.91,631,9.90,434,9.95,358,9.96,304,9.97,798,9.98,908,9.99,1959,B
2016-1-27,09:40:57,9.95,73,44602,72612,9.94,47,9.93,253,9.92,258,9.91,629,9.90,443,9.95,230,9.96,304,9.97,798,9.98,909,9.99,1959,B
2016-1-27,09:41:00,9.95,22,44624,21892,9.94,180,9.93,383,9.92,260,9.91,629,9.90,443,9.95,208,9.96,314,9.97,798,9.98,909,9.99,1959,B
2016-1-27,09:41:03,9.95,34,44658,33828,9.94,181,9.93,403,9.92,257,9.91,615,9.90,443,9.95,174,9.96,314,9.97,798,9.98,909,9.99,1959,B
2016-1-27,09:41:07,9.95,47,44705,46764,9.94,961,9.93,406,9.92,183,9.91,615,9.90,443,9.95,127,9.96,314,9.97,798,9.98,909,9.99,1959,B
2016-1-27,09:41:10,9.95,21,44726,20904,9.94,917,9.93,406,9.92,184,9.91,615,9.90,443,9.95,107,9.96,581,9.97,798,9.98,909,9.99,1959,B
2016-1-27,09:41:13,9.95,51,44777,50748,9.94,873,9.93,380,9.92,184,9.91,615,9.90,443,9.95,66,9.96,561,9.97,798,9.98,909,9.99,1959,B
2016-1-27,09:41:16,9.95,33,44810,32836,9.94,1083,9.93,380,9.92,181,9.91,615,9.90,443,9.95,533,9.96,561,9.97,798,9.98,909,9.99,1959,B
2016-1-27,09:41:19,9.95,181,44991,180092,9.94,1088,9.93,375,9.92,181,9.91,615,9.90,443,9.95,352,9.96,561,9.97,698,9.98,909,9.99,1959,B
2016-1-27,09:41:21,9.95,405,45396,402976,9.94,1090,9.93,374,9.92,177,9.91,615,9.90,448,9.95,74,9.96,561,9.97,698,9.98,1019,9.99,1959,B
2016-1-27,09:41:25,9.95,90,45486,89548,9.95,141,9.94,1095,9.93,373,9.92,154,9.91,615,9.96,561,9.97,698,9.98,1027,9.99,1959,10.00,1771,B
2016-1-27,09:41:28,9.96,235,45721,233912,9.95,19,9.94,1097,9.93,199,9.92,154,9.91,615,9.96,534,9.97,698,9.98,1035,9.99,2011,10.00,1771,B
2016-1-27,09:41:31,9.95,11,45732,11516,9.95,109,9.94,1088,9.93,299,9.92,149,9.91,615,9.96,537,9.97,698,9.98,1115,9.99,2011,10.00,1771,S
2016-1-27,09:41:33,9.96,15,45747,14932,9.95,120,9.94,1082,9.93,296,9.92,147,9.91,615,9.96,641,9.97,698,9.98,1115,9.99,2011,10.00,1788,B
2016-1-27,09:41:37,9.96,80,45827,79680,9.95,703,9.94,584,9.93,266,9.92,147,9.91,615,9.96,561,9.97,704,9.98,1115,9.99,2011,10.00,2099,B
2016-1-27,09:41:40,9.96,24,45851,23896,9.95,707,9.94,633,9.93,266,9.92,147,9.91,615,9.96,531,9.97,704,9.98,1115,9.99,2011,10.00,2099,B
2016-1-27,09:41:42,9.95,2,45853,1992,9.95,809,9.94,633,9.93,266,9.92,147,9.91,620,9.96,531,9.97,754,9.98,1115,9.99,2011,10.00,2099,S
2016-1-27,09:41:46,9.96,284,46137,282848,9.95,925,9.94,629,9.93,266,9.92,107,9.91,620,9.96,263,9.97,754,9.98,1215,9.99,2061,10.00,2109,B
2016-1-27,09:41:49,9.96,263,46400,261948,9.96,730,9.95,954,9.94,623,9.93,265,9.92,107,9.97,754,9.98,1215,9.99,2061,10.00,2109,10.01,96,B
2016-1-27,09:41:54,9.96,8,46408,7972,9.96,793,9.95,966,9.94,621,9.93,165,9.92,83,9.97,753,9.98,1125,9.99,2071,10.00,2195,10.01,96,S
2016-1-27,09:41:57,9.97,239,46647,238280,9.96,801,9.95,968,9.94,629,9.93,165,9.92,98,9.97,520,9.98,1125,9.99,2071,10.00,2195,10.01,96,B
2016-1-27,09:42:00,9.97,11,46658,10960,9.96,848,9.95,1018,9.94,629,9.93,165,9.92,98,9.97,609,9.98,1125,9.99,2071,10.00,2195,10.01,96,B
2016-1-27,09:42:03,9.96,130,46788,129580,9.96,827,9.95,1025,9.94,629,9.93,165,9.92,98,9.97,487,9.98,1125,9.99,2071,10.00,2175,10.01,96,S
2016-1-27,09:42:07,9.97,91,46879,90692,9.96,804,9.95,1035,9.94,629,9.93,165,9.92,98,9.97,431,9.98,1125,9.99,2071,10.00,2175,10.01,118,B
2016-1-27,09:42:10,9.97,14,46893,13960,9.96,903,9.95,1035,9.94,629,9.93,165,9.92,98,9.97,468,9.98,1135,9.99,2071,10.00,2175,10.01,118,B
2016-1-27,09:42:12,9.97,24,46917,23928,9.96,923,9.95,1035,9.94,629,9.93,165,9.92,98,9.97,592,9.98,1135,9.99,2071,10.00,2175,10.01,118,B
2016-1-27,09:42:15,9.97,162,47079,161512,9.96,923,9.95,985,9.94,619,9.93,163,9.92,98,9.97,460,9.98,1135,9.99,2071,10.00,2175,10.01,118,B
2016-1-27,09:42:19,9.97,142,47221,141576,9.96,928,9.95,980,9.94,619,9.93,163,9.92,98,9.97,398,9.98,1190,9.99,2071,10.00,2175,10.01,118,B
2016-1-27,09:42:21,9.97,234,47455,233296,9.96,930,9.95,964,9.94,619,9.93,163,9.92,98,9.97,174,9.98,1215,9.99,2071,10.00,2175,10.01,118,B
2016-1-27,09:42:24,9.97,154,47609,153540,9.96,938,9.95,954,9.94,619,9.93,163,9.92,98,9.97,35,9.98,1215,9.99,2071,10.00,2175,10.01,118,B
2016-1-27,09:42:27,9.96,15,47624,14944,9.96,937,9.95,933,9.94,619,9.93,173,9.92,98,9.97,31,9.98,1215,9.99,2071,10.00,2175,10.01,118,S
2016-1-27,09:42:31,9.97,12,47636,11964,9.96,996,9.95,931,9.94,629,9.93,173,9.92,98,9.97,24,9.98,1215,9.99,2045,10.00,2185,10.01,118,B
2016-1-27,09:42:34,9.97,179,47815,178472,9.96,999,9.95,928,9.94,629,9.93,173,9.92,98,9.97,35,9.98,1205,9.99,2045,10.00,2185,10.01,118,B
2016-1-27,09:42:36,9.97,201,48016,200352,9.97,16,9.96,958,9.95,886,9.94,629,9.93,173,9.98,1188,9.99,2045,10.00,2093,10.01,118,10.02,125,B
2016-1-27,09:42:39,9.96,70,48086,69796,9.96,941,9.95,881,9.94,499,9.93,173,9.92,98,9.97,255,9.98,1186,9.99,2045,10.00,2098,10.01,118,S
2016-1-27,09:42:43,9.97,48,48134,47828,9.96,911,9.95,861,9.94,499,9.93,173,9.92,98,9.97,711,9.98,1181,9.99,2045,10.00,2098,10.01,118,B
2016-1-27,09:42:45,9.97,51,48185,50848,9.96,912,9.95,872,9.94,499,9.93,173,9.92,98,9.97,660,9.98,1211,9.99,2045,10.00,2104,10.01,118,B
2016-1-27,09:42:48,9.97,75,48260,74776,9.96,911,9.95,877,9.94,499,9.93,173,9.92,98,9.97,736,9.98,1256,9.99,2045,10.00,2104,10.01,118,B
2016-1-27,09:42:52,9.97,42,48302,41872,9.96,921,9.95,877,9.94,499,9.93,173,9.92,98,9.97,794,9.98,1379,9.99,2045,10.00,2104,10.01,118,B
2016-1-27,09:42:55,9.96,31,48333,30888,9.96,1000,9.95,877,9.94,449,9.93,173,9.92,98,9.97,1704,9.98,1379,9.99,2045,10.00,2104,10.01,118,S
2016-1-27,09:42:58,9.97,12,48345,11964,9.96,1010,9.95,876,9.94,449,9.93,173,9.92,98,9.97,2005,9.98,1379,9.99,2065,10.00,2099,10.01,118,B
2016-1-27,09:43:00,9.97,8,48353,7976,9.96,1010,9.95,876,9.94,449,9.93,173,9.92,98,9.97,1997,9.98,1384,9.99,2065,10.00,2099,10.01,118,B
2016-1-27,09:43:04,9.96,28,48381,27900,9.96,1882,9.95,894,9.94,449,9.93,173,9.92,124,9.97,1604,9.98,1384,9.99,2065,10.00,2099,10.01,118,S
2016-1-27,09:43:06,9.97,20,48401,19928,9.96,1871,9.95,894,9.94,449,9.93,173,9.92,124,9.97,1595,9.98,1358,9.99,2065,10.00,2099,10.01,118,B
2016-1-27,09:43:10,9.96,228,48629,227144,9.96,1712,9.95,894,9.94,449,9.93,173,9.92,124,9.97,1451,9.98,1368,9.99,2065,10.00,2099,10.01,120,S
2016-1-27,09:43:13,9.96,500,49129,498000,9.96,1192,9.95,894,9.94,449,9.93,173,9.92,124,9.97,1666,9.98,1368,9.99,2065,10.00,2099,10.01,120,S
2016-1-27,09:43:16,9.96,28,49157,27908,9.96,1258,9.95,894,9.94,449,9.93,173,9.92,124,9.97,1643,9.98,1358,9.99,2055,10.00,2099,10.01,120,S
2016-1-27,09:43:19,9.97,116,49273,115552,9.96,1187,9.95,895,9.94,449,9.93,173,9.92,134,9.97,1666,9.98,1367,9.99,2055,10.00,2099,10.01,120,B
2016-1-27,09:43:22,9.97,123,49396,122612,9.96,1186,9.95,894,9.94,449,9.93,173,9.92,134,9.97,1663,9.98,1367,9.99,2055,10.00,1739,10.01,120,B
2016-1-27,09:43:24,9.96,132,49528,131472,9.96,1059,9.95,894,9.94,449,9.93,173,9.92,134,9.97,1670,9.98,1367,9.99,2055,10.00,1739,10.01,119,S
2016-1-27,09:43:28,9.97,137,49665,136460,9.96,931,9.95,894,9.94,449,9.93,173,9.92,134,9.97,1663,9.98,1467,9.99,2085,10.00,1739,10.01,119,B
2016-1-27,09:43:31,9.97,33,49698,32892,9.96,929,9.95,884,9.94,449,9.93,173,9.92,134,9.97,1736,9.98,1467,9.99,2085,10.00,1739,10.01,119,B
2016-1-27,09:43:33,9.97,559,50257,556816,9.96,438,9.95,885,9.94,449,9.93,173,9.92,184,9.97,1722,9.98,1367,9.99,2085,10.00,1739,10.01,119,B
2016-1-27,09:43:36,9.97,404,50661,402416,9.96,68,9.95,885,9.94,449,9.93,173,9.92,184,9.97,1698,9.98,1350,9.99,2085,10.00,1749,10.01,119,B
2016-1-27,09:43:40,9.96,33,50694,32872,9.96,59,9.95,885,9.94,449,9.93,173,9.92,186,9.97,1696,9.98,850,9.99,2085,10.00,1749,10.01,124,S
2016-1-27,09:43:43,9.96,133,50827,132448,9.95,866,9.94,449,9.93,173,9.92,186,9.91,399,9.96,1448,9.97,1696,9.98,750,9.99,2085,10.00,1749,S
2016-1-27,09:43:46,9.96,18,50845,17928,9.95,867,9.94,449,9.93,173,9.92,186,9.91,399,9.96,1602,9.97,1726,9.98,760,9.99,2085,10.00,1749,B
2016-1-27,09:43:49,9.96,5,50850,4980,9.95,866,9.94,450,9.93,276,9.92,186,9.91,399,9.96,1695,9.97,1726,9.98,760,9.99,2085,10.00,1759,B
2016-1-27,09:43:52,9.95,99,50949,98512,9.95,778,9.94,450,9.93,276,9.92,186,9.91,399,9.96,1706,9.97,1726,9.98,760,9.99,2085,10.00,1759,S
2016-1-27,09:43:55,9.96,516,51465,513428,9.95,273,9.94,450,9.93,276,9.92,168,9.91,399,9.96,1658,9.97,2316,9.98,966,9.99,2035,10.00,1759,B
2016-1-27,09:43:57,9.95,122,51587,121420,9.95,182,9.94,450,9.93,276,9.92,168,9.91,399,9.96,1628,9.97,2366,9.98,986,9.99,2035,10.00,1759,S
2016-1-27,09:44:00,9.96,104,51691,103580,9.95,181,9.94,449,9.93,276,9.92,168,9.91,399,9.96,1527,9.97,2366,9.98,986,9.99,2035,10.00,1759,B
2016-1-27,09:44:03,9.96,103,51794,102488,9.95,81,9.94,449,9.93,276,9.92,168,9.91,399,9.96,1524,9.97,2369,9.98,986,9.99,2045,10.00,1759,B
2016-1-27,09:44:06,9.96,73,51867,72640,9.95,13,9.94,448,9.93,276,9.92,168,9.91,399,9.96,1522,9.97,2369,9.98,986,9.99,2045,10.00,1759,B
2016-1-27,09:44:09,9.96,44,51911,43776,9.95,79,9.94,442,9.93,276,9.92,168,9.91,399,9.96,1521,9.97,2364,9.98,991,9.99,2045,10.00,1759,B
2016-1-27,09:44:12,9.95,98,52009,97516,9.94,448,9.93,277,9.92,168,9.91,399,9.90,834,9.95,9,9.96,1534,9.97,2364,9.98,1069,9.99,2053,S
2016-1-27,09:44:15,9.96,21,52030,20900,9.95,11,9.94,448,9.93,277,9.92,168,9.91,399,9.96,1686,9.97,2364,9.98,1069,9.99,2053,10.00,1769,B
2016-1-27,09:44:19,9.96,119,52149,118480,9.94,448,9.93,283,9.92,168,9.91,399,9.90,834,9.96,1678,9.97,2348,9.98,1069,9.99,2053,10.00,1769,B
2016-1-27,09:44:21,9.95,11,52160,10952,9.94,447,9.93,283,9.92,268,9.91,399,9.90,769,9.95,110,9.96,1678,9.97,2348,9.98,1069,9.99,2053,S
2016-1-27,09:44:25,9.94,139,52299,138168,9.94,329,9.93,283,9.92,268,9.91,399,9.90,785,9.95,1266,9.96,1685,9.97,2348,9.98,1069,9.99,2053,S
2016-1-27,09:44:28,9.95,3,52302,2984,9.94,329,9.93,283,9.92,268,9.91,399,9.90,786,9.95,1263,9.96,1685,9.97,2348,9.98,1069,9.99,2053,B
2016-1-27,09:44:31,9.95,14,52316,13924,9.94,327,9.93,284,9.92,268,9.91,399,9.90,786,9.95,1264,9.96,1705,9.97,2317,9.98,1069,9.99,2053,B
2016-1-27,09:44:33,9.95,123,52439,122332,9.94,274,9.93,284,9.92,268,9.91,399,9.90,816,9.95,1194,9.96,1705,9.97,2310,9.98,1069,9.99,2053,B
2016-1-27,09:44:36,9.94,80,52519,78824,9.94,253,9.93,284,9.92,268,9.91,399,9.90,816,9.95,1156,9.96,1705,9.97,2310,9.98,1069,9.99,2053,S
2016-1-27,09:44:39,9.94,74,52593,73556,9.94,180,9.93,283,9.92,268,9.91,399,9.90,826,9.95,1656,9.96,1705,9.97,2310,9.98,1069,9.99,2053,S
2016-1-27,09:44:43,9.95,3,52596,2984,9.94,187,9.93,180,9.92,268,9.91,399,9.90,826,9.95,1702,9.96,590,9.97,2210,9.98,1069,9.99,2053,B
2016-1-27,09:44:46,9.95,2,52598,1992,9.94,187,9.93,180,9.92,271,9.91,399,9.90,866,9.95,1700,9.96,590,9.97,2210,9.98,1069,9.99,2053,B
2016-1-27,09:44:48,9.95,90,52688,89460,9.94,100,9.93,180,9.92,269,9.91,399,9.90,866,9.95,1698,9.96,590,9.97,2210,9.98,1069,9.99,2058,B
2016-1-27,09:44:52,9.94,104,52792,104136,9.93,161,9.92,269,9.91,399,9.90,866,9.89,378,9.94,44,9.95,1696,9.96,570,9.97,2182,9.98,1069,S
2016-1-27,09:44:54,9.94,23,52815,22860,9.93,161,9.92,269,9.91,399,9.90,866,9.89,378,9.94,41,9.95,1696,9.96,570,9.97,2182,9.98,1088,B
2016-1-27,09:44:57,9.94,11,52826,10932,9.93,161,9.92,269,9.91,399,9.90,866,9.89,378,9.94,50,9.95,1701,9.96,570,9.97,2182,9.98,1088,B
2016-1-27,09:45:01,9.94,47,52873,46696,9.93,139,9.92,275,9.91,399,9.90,866,9.89,378,9.94,376,9.95,1701,9.96,570,9.97,2182,9.98,1088,B
2016-1-27,09:45:03,9.94,2,52875,1988,9.93,139,9.92,276,9.91,399,9.90,866,9.89,378,9.94,374,9.95,1795,9.96,474,9.97,2182,9.98,1088,B
2016-1-27,09:45:07,9.94,6,52881,5964,9.93,143,9.92,276,9.91,409,9.90,857,9.89,378,9.94,368,9.95,2129,9.96,474,9.97,2182,9.98,1103,B
2016-1-27,09:45:10,9.94,1,52882,996,9.93,157,9.92,276,9.91,512,9.90,857,9.89,378,9.94,367,9.95,2129,9.96,474,9.97,2182,9.98,1103,B
2016-1-27,09:45:13,9.94,9,52891,8944,9.93,189,9.92,297,9.91,512,9.90,857,9.89,378,9.94,369,9.95,2229,9.96,455,9.97,2162,9.98,1103,B
2016-1-27,09:45:15,9.94,2,52893,2188,9.93,198,9.92,297,9.91,512,9.90,857,9.89,378,9.94,303,9.95,2229,9.96,455,9.97,2162,9.98,1103,B
2016-1-27,09:45:19,9.93,111,53004,110232,9.93,98,9.92,271,9.91,512,9.90,867,9.89,378,9.94,436,9.95,2229,9.96,455,9.97,2162,9.98,1103,S
2016-1-27,09:45:21,9.94,31,53035,30816,9.93,98,9.92,271,9.91,512,9.90,867,9.89,378,9.94,405,9.95,2231,9.96,455,9.97,2162,9.98,1103,B
2016-1-27,09:45:24,9.94,20,53055,19880,9.93,116,9.92,271,9.91,512,9.90,867,9.89,378,9.94,385,9.95,2231,9.96,455,9.97,2154,9.98,1074,B
2016-1-27,09:45:27,9.94,1,53056,992,9.93,116,9.92,277,9.91,512,9.90,907,9.89,378,9.94,384,9.95,2281,9.96,455,9.97,2154,9.98,1074,B
2016-1-27,09:45:31,9.94,1,53057,992,9.93,125,9.92,276,9.91,512,9.90,907,9.89,407,9.94,383,9.95,2281,9.96,455,9.97,2154,9.98,1074,B
2016-1-27,09:45:33,9.94,43,53100,42736,9.93,132,9.92,276,9.91,312,9.90,907,9.89,407,9.94,347,9.95,2281,9.96,455,9.97,2154,9.98,1074,B
2016-1-27,09:45:36,9.94,1,53101,996,9.93,133,9.92,297,9.91,312,9.90,1008,9.89,407,9.94,346,9.95,2270,9.96,455,9.97,2154,9.98,1074,B
2016-1-27,09:45:42,9.93,36,53137,35780,9.93,154,9.92,293,9.91,312,9.90,1110,9.89,407,9.94,323,9.95,2270,9.96,455,9.97,2154,9.98,1081,S
2016-1-27,09:45:46,9.94,72,53209,71520,9.93,104,9.92,293,9.91,312,9.90,1115,9.89,303,9.94,301,9.95,2270,9.96,455,9.97,2154,9.98,1081,B
2016-1-27,09:45:48,9.93,50,53259,49648,9.93,58,9.92,293,9.91,342,9.90,1115,9.89,303,9.94,311,9.95,2270,9.96,455,9.97,2154,9.98,1081,S
2016-1-27,09:45:51,9.93,59,53318,58388,9.92,294,9.91,503,9.90,1115,9.89,303,9.88,1011,9.93,307,9.94,319,9.95,2270,9.96,455,9.97,2154,S
2016-1-27,09:45:54,9.93,34,53352,33760,9.92,293,9.91,503,9.90,1115,9.89,303,9.88,1011,9.93,274,9.94,469,9.95,2270,9.96,455,9.97,2154,B
2016-1-27,09:45:58,9.93,38,53390,37736,9.92,295,9.91,504,9.90,1115,9.89,303,9.88,1011,9.93,246,9.94,469,9.95,2270,9.96,455,9.97,2154,B
2016-1-27,09:46:00,9.93,11,53401,10916,9.92,291,9.91,530,9.90,1115,9.89,303,9.88,1011,9.93,244,9.94,472,9.95,2270,9.96,455,9.97,2204,B
2016-1-27,09:46:04,9.93,1,53402,996,9.92,291,9.91,542,9.90,1115,9.89,303,9.88,1011,9.93,293,9.94,472,9.95,2270,9.96,475,9.97,2204,B
2016-1-27,09:46:07,9.92,93,53495,92296,9.92,242,9.91,541,9.90,1040,9.89,303,9.88,968,9.93,473,9.94,342,9.95,2271,9.96,475,9.97,2204,S
2016-1-27,09:46:09,9.92,66,53561,65532,9.92,237,9.91,613,9.90,1040,9.89,303,9.88,968,9.93,412,9.94,342,9.95,2271,9.96,475,9.97,2204,S
2016-1-27,09:46:12,9.93,10,53571,9928,9.92,241,9.91,623,9.90,1040,9.89,309,9.88,968,9.93,422,9.94,342,9.95,2271,9.96,475,9.97,2204,B
2016-1-27,09:46:16,9.93,50,53621,49652,9.92,241,9.91,623,9.90,1043,9.89,309,9.88,968,9.93,372,9.94,342,9.95,2271,9.96,475,9.97,2191,B
2016-1-27,09:46:18,9.93,153,53774,151928,9.92,247,9.91,623,9.90,1043,9.89,309,9.88,965,9.93,261,9.94,344,9.95,2271,9.96,475,9.97,2191,B
2016-1-27,09:46:20,9.93,3,53777,2980,9.92,248,9.91,695,9.90,1043,9.89,413,9.88,965,9.93,258,9.94,344,9.95,2271,9.96,475,9.97,2191,B
2016-1-27,09:46:25,9.92,46,53823,45648,9.92,248,9.91,695,9.90,1043,9.89,403,9.88,965,9.93,373,9.94,344,9.95,2271,9.96,475,9.97,2191,S
2016-1-27,09:46:27,9.92,161,53984,159760,9.92,140,9.91,695,9.90,1063,9.89,403,9.88,985,9.93,322,9.94,344,9.95,2271,9.96,475,9.97,2191,S
2016-1-27,09:46:30,9.93,26,54010,25820,9.92,150,9.91,695,9.90,1063,9.89,416,9.88,985,9.93,296,9.94,344,9.95,2271,9.96,475,9.97,2191,B
2016-1-27,09:46:33,9.92,72,54082,71468,9.92,120,9.91,696,9.90,1063,9.89,416,9.88,985,9.93,254,9.94,324,9.95,2271,9.96,475,9.97,2191,S
2016-1-27,09:46:37,9.93,13,54095,12896,9.92,211,9.91,696,9.90,1071,9.89,416,9.88,985,9.93,251,9.94,324,9.95,2271,9.96,475,9.97,2191,B
2016-1-27,09:46:39,9.92,201,54296,199592,9.92,210,9.91,706,9.90,1081,9.89,416,9.88,985,9.93,81,9.94,324,9.95,2271,9.96,475,9.97,2191,S
2016-1-27,09:46:42,9.93,93,54389,92408,9.92,148,9.91,709,9.90,1081,9.89,417,9.88,985,9.93,59,9.94,314,9.95,2271,9.96,475,9.97,2191,B
2016-1-27,09:46:45,9.92,49,54438,48496,9.92,118,9.91,727,9.90,1081,9.89,417,9.88,985,9.93,51,9.94,314,9.95,2271,9.96,475,9.97,2180,S
2016-1-27,09:46:48,9.92,40,54478,39712,9.92,113,9.91,717,9.90,1081,9.89,417,9.88,985,9.93,21,9.94,314,9.95,1155,9.96,475,9.97,2180,S
2016-1-27,09:46:54,9.92,54,54532,53616,9.93,9,9.92,156,9.91,717,9.90,1081,9.89,417,9.94,299,9.95,1157,9.96,475,9.97,2180,9.98,1090,S
2016-1-27,09:46:57,9.92,20,54552,19852,9.92,146,9.91,717,9.90,1081,9.89,417,9.88,995,9.94,299,9.95,1157,9.96,475,9.97,2180,9.98,1090,S
2016-1-27,09:47:01,9.92,71,54623,70460,9.92,119,9.91,727,9.90,1101,9.89,417,9.88,995,9.93,3,9.94,310,9.95,1176,9.96,475,9.97,2180,S
2016-1-27,09:47:02,9.92,12,54635,11924,9.92,138,9.91,727,9.90,1081,9.89,417,9.88,995,9.94,303,9.95,1176,9.96,475,9.97,2180,9.98,1100,S
2016-1-27,09:47:06,9.94,4,54639,3972,9.93,28,9.92,151,9.91,697,9.90,1081,9.89,417,9.94,302,9.95,1176,9.96,475,9.97,2180,9.98,1100,B
2016-1-27,09:47:12,9.93,15,54654,14896,9.93,17,9.92,227,9.91,722,9.90,1081,9.89,417,9.94,310,9.95,1176,9.96,475,9.97,2179,9.98,1100,S
2016-1-27,09:47:16,9.92,75,54729,74416,9.93,1,9.92,165,9.91,722,9.90,1076,9.89,417,9.94,310,9.95,1176,9.96,475,9.97,2179,9.98,1097,S
2016-1-27,09:47:17,9.94,30,54759,29824,9.93,4,9.92,166,9.91,722,9.90,1126,9.89,422,9.94,280,9.95,1176,9.96,475,9.97,2179,9.98,1097,B
2016-1-27,09:47:20,9.93,2,54761,1984,9.93,2,9.92,166,9.91,722,9.90,1126,9.89,422,9.94,280,9.95,1181,9.96,475,9.97,2179,9.98,1098,S
2016-1-27,09:47:24,9.94,3,54764,2984,9.93,4,9.92,166,9.91,722,9.90,1126,9.89,422,9.94,277,9.95,1181,9.96,475,9.97,2179,9.98,1098,B
2016-1-27,09:47:27,9.93,19,54783,18864,9.93,6,9.92,167,9.91,722,9.90,1126,9.89,422,9.94,276,9.95,1181,9.96,475,9.97,2179,9.98,1098,S
2016-1-27,09:47:30,9.93,10,54793,9932,9.93,1,9.92,164,9.91,727,9.90,1126,9.89,422,9.94,276,9.95,1181,9.96,475,9.97,2179,9.98,1098,S
2016-1-27,09:47:34,9.93,44,54837,43704,9.93,123,9.92,199,9.91,727,9.90,1128,9.89,422,9.94,263,9.95,1181,9.96,455,9.97,2179,9.98,1138,S
2016-1-27,09:47:36,9.94,55,54892,54660,9.93,115,9.92,199,9.91,727,9.90,1131,9.89,422,9.94,428,9.95,1181,9.96,455,9.97,2179,9.98,1138,B
2016-1-27,09:47:40,9.93,242,55134,240312,9.92,201,9.91,757,9.90,1141,9.89,422,9.88,995,9.93,297,9.94,424,9.95,1181,9.96,455,9.97,2179,S
2016-1-27,09:47:42,9.93,2,55136,1984,9.92,301,9.91,757,9.90,1141,9.89,422,9.88,995,9.93,357,9.94,429,9.95,681,9.96,455,9.97,2179,B
2016-1-27,09:47:48,9.92,34,55170,33728,9.92,269,9.91,757,9.90,1141,9.89,422,9.88,995,9.93,367,9.94,439,9.95,661,9.96,455,9.97,2179,S
2016-1-27,09:47:51,9.93,1,55171,992,9.92,299,9.91,757,9.90,1141,9.89,422,9.88,1003,9.93,370,9.94,439,9.95,661,9.96,465,9.97,2179,B
2016-1-27,09:47:54,9.93,30,55201,29792,9.92,300,9.91,757,9.90,1141,9.89,422,9.88,1002,9.93,370,9.94,445,9.95,661,9.96,485,9.97,2179,B
2016-1-27,09:47:57,9.92,10,55211,9920,9.92,290,9.91,758,9.90,1201,9.89,422,9.88,1002,9.93,375,9.94,445,9.95,661,9.96,485,9.97,2179,S
2016-1-27,09:48:01,9.93,4,55215,3972,9.92,296,9.91,758,9.90,1201,9.89,422,9.88,1002,9.93,399,9.94,447,9.95,642,9.96,485,9.97,2179,B
2016-1-27,09:48:04,9.92,30,55245,29772,9.92,276,9.91,758,9.90,1201,9.89,422,9.88,1002,9.93,389,9.94,447,9.95,642,9.96,485,9.97,2179,S
2016-1-27,09:48:14,9.93,5,55250,4960,9.92,282,9.91,762,9.90,1271,9.89,422,9.88,1002,9.93,396,9.94,447,9.95,642,9.96,508,9.97,2179,B
2016-1-27,09:48:18,9.93,13,55263,12908,9.92,281,9.91,762,9.90,1271,9.89,427,9.88,1002,9.93,388,9.94,447,9.95,642,9.96,518,9.97,2179,B
2016-1-27,09:48:22,9.92,12,55275,11904,9.92,281,9.91,767,9.90,1271,9.89,427,9.88,1002,9.93,388,9.94,447,9.95,642,9.96,518,9.97,2179,S
2016-1-27,09:48:30,9.92,20,55295,19840,9.92,262,9.91,767,9.90,1349,9.89,427,9.88,1002,9.93,392,9.94,447,9.95,642,9.96,528,9.97,2179,S
2016-1-27,09:48:33,9.93,60,55355,59580,9.92,262,9.91,783,9.90,1349,9.89,427,9.88,1002,9.93,332,9.94,447,9.95,642,9.96,529,9.97,2179,B
2016-1-27,09:48:35,9.93,17,55372,16880,9.92,262,9.91,783,9.90,1349,9.89,427,9.88,1002,9.93,316,9.94,447,9.95,642,9.96,529,9.97,2179,B
2016-1-27,09:48:38,9.92,20,55392,19840,9.92,261,9.91,783,9.90,1349,9.89,427,9.88,1002,9.93,316,9.94,447,9.95,642,9.96,538,9.97,2179,S
2016-1-27,09:48:42,9.93,63,55455,62500,9.92,200,9.91,803,9.90,1349,9.89,427,9.88,1020,9.93,314,9.94,447,9.95,642,9.96,588,9.97,2179,B
2016-1-27,09:48:46,9.93,10,55465,9932,9.92,211,9.91,803,9.90,1349,9.89,427,9.88,1030,9.93,304,9.94,447,9.95,642,9.96,588,9.97,2179,B
2016-1-27,09:48:48,9.92,45,55510,44640,9.92,166,9.91,803,9.90,1349,9.89,427,9.88,1030,9.93,304,9.94,447,9.95,642,9.96,588,9.97,2179,S
2016-1-27,09:48:52,9.93,5,55515,4964,9.92,170,9.91,803,9.90,1349,9.89,427,9.88,1030,9.93,319,9.94,237,9.95,642,9.96,588,9.97,2179,B
2016-1-27,09:48:54,9.94,334,55849,331676,9.92,170,9.91,803,9.90,1344,9.89,427,9.88,1030,9.94,222,9.95,642,9.96,591,9.97,2179,9.98,1033,B
2016-1-27,09:48:57,9.93,2,55851,1984,9.93,30,9.92,170,9.91,803,9.90,1334,9.89,427,9.94,216,9.95,642,9.96,591,9.97,2179,9.98,1033,S
2016-1-27,09:49:01,9.92,139,55990,137944,9.92,136,9.91,803,9.90,1334,9.89,427,9.88,1030,9.93,169,9.94,216,9.95,642,9.96,591,9.97,2179,S
2016-1-27,09:49:03,9.93,21,56011,20844,9.92,138,9.91,803,9.90,1334,9.89,427,9.88,1030,9.93,208,9.94,216,9.95,812,9.96,591,9.97,2179,B
2016-1-27,09:49:06,9.92,151,56162,149796,9.91,803,9.90,1403,9.89,427,9.88,1030,9.87,1838,9.92,167,9.93,1113,9.94,216,9.95,812,9.96,591,S
2016-1-27,09:49:09,9.92,8,56170,7936,9.91,803,9.90,1403,9.89,427,9.88,1030,9.87,1838,9.92,159,9.93,1118,9.94,216,9.95,812,9.96,641,B
2016-1-27,09:49:11,9.92,9,56179,8928,9.91,805,9.90,1403,9.89,432,9.88,1030,9.87,1838,9.92,150,9.93,1118,9.94,216,9.95,812,9.96,641,B
2016-1-27,09:49:15,9.92,63,56242,62492,9.91,732,9.90,1403,9.89,432,9.88,1050,9.87,1838,9.92,90,9.93,1118,9.94,210,9.95,812,9.96,641,B
2016-1-27,09:49:21,9.92,24,56266,23808,9.91,677,9.90,1403,9.89,2732,9.88,1000,9.87,1838,9.92,353,9.93,1118,9.94,229,9.95,872,9.96,641,B
2016-1-27,09:49:24,9.92,75,56341,74352,9.91,628,9.90,1359,9.89,2732,9.88,1030,9.87,1838,9.92,327,9.93,1068,9.94,229,9.95,872,9.96,641,B
2016-1-27,09:49:27,9.91,10,56351,9908,9.91,619,9.90,1359,9.89,2732,9.88,1030,9.87,1838,9.92,328,9.93,1068,9.94,229,9.95,872,9.96,641,S
2016-1-27,09:49:30,9.91,10,56361,9912,9.91,610,9.90,1354,9.89,2732,9.88,1030,9.87,1838,9.92,332,9.93,1068,9.94,229,9.95,872,9.96,641,S
2016-1-27,09:49:33,9.92,16,56377,15872,9.91,610,9.90,1364,9.89,2732,9.88,1030,9.87,1838,9.92,366,9.93,1068,9.94,229,9.95,872,9.96,691,B
2016-1-27,09:49:36,9.91,81,56458,80300,9.91,562,9.90,1364,9.89,2732,9.88,1030,9.87,1838,9.92,335,9.93,1068,9.94,229,9.95,872,9.96,691,S
2016-1-27,09:49:39,9.91,175,56633,173428,9.91,387,9.90,1364,9.89,2732,9.88,1030,9.87,1838,9.92,402,9.93,1068,9.94,229,9.95,872,9.96,691,S
2016-1-27,09:49:39,9.92,20,56653,19840,9.91,387,9.90,1364,9.89,2732,9.88,1030,9.87,1838,9.92,382,9.93,1068,9.94,229,9.95,872,9.96,691,B
2016-1-27,09:49:46,9.92,42,56695,41624,9.91,358,9.90,1359,9.89,2732,9.88,1030,9.87,1837,9.92,380,9.93,1063,9.94,229,9.95,872,9.96,691,B
2016-1-27,09:49:48,9.92,99,56794,98208,9.91,259,9.90,1359,9.89,2732,9.88,1030,9.87,1837,9.92,390,9.93,1063,9.94,229,9.95,872,9.96,691,B
2016-1-27,09:49:51,9.91,2,56796,1980,9.91,257,9.90,1359,9.89,2732,9.88,1030,9.87,1837,9.92,390,9.93,1066,9.94,229,9.95,872,9.96,691,S
2016-1-27,09:49:54,9.92,107,56903,106116,9.91,231,9.90,1359,9.89,2732,9.88,1030,9.87,1837,9.92,321,9.93,1066,9.94,229,9.95,872,9.96,710,B
2016-1-27,09:49:57,9.92,10,56913,9920,9.91,231,9.90,1360,9.89,2732,9.88,1030,9.87,1837,9.92,329,9.93,1066,9.94,229,9.95,872,9.96,710,B
2016-1-27,09:50:00,9.92,254,57167,251624,9.90,1355,9.89,2732,9.88,1030,9.87,1837,9.86,463,9.92,320,9.93,1066,9.94,229,9.95,872,9.96,710,B
2016-1-27,09:50:05,9.91,2,57169,1984,9.90,1350,9.89,2732,9.88,1030,9.87,1837,9.86,463,9.91,464,9.92,325,9.93,1081,9.94,227,9.95,872,B
2016-1-27,09:50:10,9.91,5,57174,4952,9.90,1352,9.89,2732,9.88,1030,9.87,1837,9.86,463,9.91,459,9.92,325,9.93,1081,9.94,227,9.95,872,B
2016-1-27,09:50:12,9.90,1354,58528,1340464,9.89,2732,9.88,1022,9.87,1837,9.86,463,9.85,1631,9.90,2647,9.91,489,9.92,325,9.93,1081,9.94,227,S
2016-1-27,09:50:15,9.90,579,59107,573160,9.89,2683,9.88,1032,9.87,1837,9.86,463,9.85,1631,9.90,2117,9.91,489,9.92,325,9.93,1081,9.94,227,B
2016-1-27,09:50:18,9.90,298,59405,294752,9.89,2416,9.88,1042,9.87,1837,9.86,463,9.85,1631,9.90,2106,9.91,499,9.92,325,9.93,1081,9.94,227,B
2016-1-27,09:50:21,9.90,10,59415,9900,9.89,2416,9.88,1042,9.87,1853,9.86,463,9.85,1631,9.90,2174,9.91,499,9.92,325,9.93,1231,9.94,227,B
2016-1-27,09:50:25,9.89,545,59960,539012,9.89,1877,9.88,1042,9.87,1853,9.86,469,9.85,1631,9.90,2179,9.91,699,9.92,325,9.93,1231,9.94,66,S
2016-1-27,09:50:30,9.90,4,59964,3960,9.89,1877,9.88,1012,9.87,1848,9.86,465,9.85,1631,9.90,2181,9.91,685,9.92,335,9.93,1231,9.94,66,B
2016-1-27,09:50:32,9.90,22,59986,21776,9.89,1877,9.88,1012,9.87,1848,9.86,465,9.85,1631,9.90,2159,9.91,685,9.92,335,9.93,1231,9.94,66,B
2016-1-27,09:50:36,9.89,209,60195,206768,9.89,1734,9.88,1012,9.87,1848,9.86,465,9.85,1631,9.90,2103,9.91,685,9.92,284,9.93,1281,9.94,66,S
2016-1-27,09:50:39,9.89,73,60268,72200,9.89,1661,9.88,1012,9.87,1848,9.86,465,9.85,1631,9.90,2153,9.91,685,9.92,284,9.93,1281,9.94,66,S
2016-1-27,09:50:42,9.89,12,60280,11876,9.89,1665,9.88,1012,9.87,1848,9.86,465,9.85,1631,9.90,2142,9.91,685,9.92,284,9.93,1281,9.94,66,S
2016-1-27,09:50:46,9.90,137,60417,135588,9.89,1554,9.88,1084,9.87,1848,9.86,455,9.85,1631,9.90,2116,9.91,300,9.92,284,9.93,1281,9.94,66,B
2016-1-27,09:50:48,9.89,209,60626,206636,9.89,1351,9.88,1084,9.87,1848,9.86,455,9.85,1631,9.90,2112,9.91,300,9.92,284,9.93,1281,9.94,66,S
2016-1-27,09:50:51,9.90,150,60776,148460,9.89,1311,9.88,1084,9.87,1848,9.86,455,9.85,1632,9.90,2003,9.91,300,9.92,284,9.93,1126,9.94,66,B
2016-1-27,09:50:54,9.90,921,61697,910872,9.89,393,9.88,1094,9.87,1828,9.86,455,9.85,1632,9.90,2000,9.91,300,9.92,284,9.93,1126,9.94,66,B
2016-1-27,09:50:58,9.89,77,61774,76196,9.89,359,9.88,1094,9.87,1828,9.86,455,9.85,1632,9.90,1958,9.91,300,9.92,284,9.93,1126,9.94,66,S
2016-1-27,09:51:01,9.89,133,61907,131548,9.89,388,9.88,1094,9.87,1828,9.86,455,9.85,1632,9.90,1948,9.91,300,9.92,284,9.93,1126,9.94,66,S
2016-1-27,09:51:02,9.89,278,62185,274940,9.89,110,9.88,1084,9.87,1828,9.86,455,9.85,1632,9.90,1948,9.91,300,9.92,284,9.93,1126,9.94,66,S
2016-1-27,09:51:06,9.89,110,62295,108788,9.88,1094,9.87,1828,9.86,465,9.85,1632,9.84,75,9.89,86,9.90,1948,9.91,295,9.92,284,9.93,1126,S
2016-1-27,09:51:11,9.89,20,62315,19784,9.88,1094,9.87,1818,9.86,465,9.85,1634,9.84,75,9.89,71,9.90,1948,9.91,295,9.92,432,9.93,1126,B
2016-1-27,09:51:15,9.90,228,62543,225636,9.88,1095,9.87,1836,9.86,465,9.85,1634,9.84,75,9.90,1796,9.91,295,9.92,432,9.93,1126,9.94,66,B
2016-1-27,09:51:18,9.90,22,62565,21780,9.88,1105,9.87,1836,9.86,465,9.85,1634,9.84,75,9.89,20,9.90,1784,9.91,295,9.92,432,9.93,1126,B
2016-1-27,09:51:22,9.90,124,62689,122724,9.89,45,9.88,1095,9.87,1841,9.86,465,9.85,1634,9.90,1797,9.91,295,9.92,432,9.93,1126,9.94,66,B
2016-1-27,09:51:24,9.90,173,62862,171252,9.89,53,9.88,1095,9.87,1841,9.86,465,9.85,1635,9.90,1644,9.91,295,9.92,432,9.93,1126,9.94,66,B
2016-1-27,09:51:28,9.89,30,62892,29668,9.89,1035,9.88,1125,9.87,1841,9.86,470,9.85,1635,9.90,1586,9.91,295,9.92,432,9.93,1126,9.94,66,S
2016-1-27,09:51:31,9.90,134,63026,132628,9.89,1001,9.88,1124,9.87,1841,9.86,470,9.85,1635,9.90,1490,9.91,295,9.92,442,9.93,1126,9.94,66,B
2016-1-27,09:51:33,9.89,73,63099,72248,9.89,982,9.88,1185,9.87,1841,9.86,470,9.85,1635,9.90,1437,9.91,295,9.92,437,9.93,1126,9.94,66,S
2016-1-27,09:51:37,9.89,74,63173,73240,9.89,964,9.88,1204,9.87,1841,9.86,491,9.85,1640,9.90,1383,9.91,295,9.92,437,9.93,1126,9.94,66,S
2016-1-27,09:51:39,9.90,21,63194,20792,9.89,964,9.88,1234,9.87,1841,9.86,491,9.85,1640,9.90,1362,9.91,295,9.92,437,9.93,1126,9.94,86,B
2016-1-27,09:51:43,9.89,364,63558,360016,9.89,621,9.88,1234,9.87,1841,9.86,491,9.85,1640,9.90,1342,9.91,295,9.92,384,9.93,1133,9.94,86,S
2016-1-27,09:51:45,9.90,100,63658,99000,9.89,627,9.88,1234,9.87,1841,9.86,491,9.85,1640,9.90,1316,9.91,295,9.92,384,9.93,1133,9.94,86,B
2016-1-27,09:51:49,9.90,145,63803,143548,9.89,627,9.88,1236,9.87,1841,9.86,541,9.85,1640,9.90,1171,9.91,295,9.92,384,9.93,1133,9.94,86,B
2016-1-27,09:51:52,9.90,56,63859,55440,9.89,627,9.88,1236,9.87,1841,9.86,641,9.85,1642,9.90,1115,9.91,295,9.92,384,9.93,1133,9.94,86,B
2016-1-27,09:51:54,9.90,1217,65076,1204732,9.90,5509,9.89,530,9.88,1236,9.87,1842,9.86,641,9.91,295,9.92,384,9.93,1133,9.94,86,9.95,954,B
2016-1-27,09:51:58,9.91,40,65116,39640,9.90,5529,9.89,612,9.88,1236,9.87,1842,9.86,671,9.91,255,9.92,384,9.93,1133,9.94,86,9.95,955,B
2016-1-27,09:51:59,9.91,21,65137,20800,9.90,5570,9.89,621,9.88,1236,9.87,1842,9.86,671,9.91,245,9.92,384,9.93,1133,9.94,86,9.95,955,B
2016-1-27,09:52:03,9.91,136,65273,134696,9.90,5547,9.89,670,9.88,1236,9.87,1842,9.86,671,9.91,185,9.92,384,9.93,1133,9.94,86,9.95,955,B
2016-1-27,09:52:06,9.90,106,65379,104952,9.90,129,9.89,670,9.88,1236,9.87,1842,9.86,671,9.91,174,9.92,384,9.93,1133,9.94,86,9.95,955,S
2016-1-27,09:52:10,9.91,111,65490,109992,9.90,119,9.89,667,9.88,1228,9.87,1847,9.86,671,9.91,73,9.92,384,9.93,1207,9.94,86,9.95,955,B
2016-1-27,09:52:13,9.90,102,65592,100984,9.90,56,9.89,676,9.88,1228,9.87,1847,9.86,671,9.91,69,9.92,484,9.93,1207,9.94,86,9.95,955,S
2016-1-27,09:52:16,9.90,20,65612,19800,9.90,46,9.89,673,9.88,1254,9.87,1847,9.86,671,9.91,1269,9.92,486,9.93,1207,9.94,86,9.95,955,S
2016-1-27,09:52:18,9.90,14,65626,13868,9.90,46,9.89,672,9.88,1254,9.87,1847,9.86,671,9.91,1260,9.92,486,9.93,1207,9.94,86,9.95,955,S
2016-1-27,09:52:22,9.90,87,65713,86156,9.89,672,9.88,1254,9.87,1847,9.86,671,9.85,1652,9.90,745,9.91,1238,9.92,486,9.93,1207,9.94,86,S
2016-1-27,09:52:25,9.90,109,65822,107908,9.89,682,9.88,1254,9.87,1847,9.86,671,9.85,1652,9.90,663,9.91,1238,9.92,486,9.93,1207,9.94,86,B
2016-1-27,09:52:27,9.90,2,65824,1980,9.89,682,9.88,1174,9.87,1847,9.86,671,9.85,1652,9.90,680,9.91,1238,9.92,486,9.93,1207,9.94,86,B
2016-1-27,09:52:31,9.90,10,65834,9900,9.89,684,9.88,1174,9.87,1857,9.86,671,9.85,1652,9.90,670,9.91,1241,9.92,486,9.93,1183,9.94,86,B
2016-1-27,09:52:33,9.90,45,65879,44548,9.89,694,9.88,1204,9.87,1857,9.86,671,9.85,1652,9.90,710,9.91,1241,9.92,486,9.93,1183,9.94,86,B
2016-1-27,09:52:36,9.90,18,65897,17824,9.89,701,9.88,1204,9.87,1857,9.86,681,9.85,1652,9.90,713,9.91,1241,9.92,486,9.93,1233,9.94,86,B
2016-1-27,09:52:39,9.90,141,66038,139588,9.89,720,9.88,1204,9.87,1857,9.86,681,9.85,1652,9.90,573,9.91,1241,9.92,486,9.93,1233,9.94,86,B
2016-1-27,09:52:41,9.90,20,66058,19800,9.89,770,9.88,1204,9.87,1857,9.86,681,9.85,1652,9.90,553,9.91,1241,9.92,486,9.93,1233,9.94,86,B
2016-1-27,09:52:45,9.90,2,66060,1980,9.89,775,9.88,1204,9.87,1857,9.86,681,9.85,1652,9.90,551,9.91,1241,9.92,486,9.93,1233,9.94,86,B
2016-1-27,09:52:48,9.89,41,66101,40568,9.89,864,9.88,1204,9.87,1857,9.86,681,9.85,1662,9.90,531,9.91,1248,9.92,486,9.93,1233,9.94,86,S
2016-1-27,09:52:51,9.90,227,66328,224728,9.89,906,9.88,1204,9.87,1857,9.86,681,9.85,1662,9.90,357,9.91,1272,9.92,486,9.93,1233,9.94,86,B
2016-1-27,09:52:54,9.90,115,66443,113852,9.89,940,9.88,1204,9.87,1857,9.86,681,9.85,1662,9.90,252,9.91,1272,9.92,486,9.93,1233,9.94,86,B
2016-1-27,09:52:57,9.90,168,66611,166236,9.89,859,9.88,1221,9.87,1857,9.86,711,9.85,1662,9.90,395,9.91,1272,9.92,486,9.93,1233,9.94,86,B
2016-1-27,09:53:00,9.90,421,67032,416788,9.90,4347,9.89,862,9.88,1220,9.87,1857,9.86,711,9.91,1272,9.92,486,9.93,1233,9.94,86,9.95,1332,B
2016-1-27,09:53:04,9.90,94,67126,92332,9.90,4308,9.89,861,9.88,1318,9.87,1857,9.86,711,9.91,1271,9.92,486,9.93,1233,9.94,86,9.95,1332,S
2016-1-27,09:53:06,9.91,37,67163,37360,9.90,63,9.89,861,9.88,1318,9.87,1852,9.86,711,9.91,1269,9.92,486,9.93,1233,9.94,86,9.95,1332,B
2016-1-27,09:53:10,9.91,1,67164,992,9.90,65,9.89,861,9.88,1318,9.87,1852,9.86,1721,9.91,1268,9.92,486,9.93,1233,9.94,86,9.95,1332,B
2016-1-27,09:53:12,9.91,6,67170,5944,9.90,62,9.89,861,9.88,1318,9.87,1852,9.86,1721,9.91,1267,9.92,486,9.93,1233,9.94,96,9.95,1332,B
2016-1-27,09:53:16,9.90,150,67320,148448,9.90,179,9.89,805,9.88,1318,9.87,1852,9.86,1721,9.91,1267,9.92,486,9.93,1233,9.94,96,9.95,1332,S
2016-1-27,09:53:18,9.90,302,67622,298980,9.90,111,9.89,825,9.88,1308,9.87,1852,9.86,1721,9.91,1267,9.92,486,9.93,1233,9.94,96,9.95,1332,S
2016-1-27,09:53:22,9.91,17,67639,16832,9.90,96,9.89,875,9.88,1308,9.87,1852,9.86,1741,9.91,1275,9.92,486,9.93,1233,9.94,96,9.95,1332,B
2016-1-27,09:53:24,9.91,24,67663,23764,9.90,82,9.89,875,9.88,1308,9.87,1852,9.86,1741,9.91,1280,9.92,497,9.93,1233,9.94,96,9.95,1332,B
2016-1-27,09:53:27,9.90,107,67770,105200,9.89,874,9.88,1308,9.87,1852,9.86,1743,9.85,1748,9.90,296,9.91,1279,9.92,497,9.93,1233,9.94,96,S
2016-1-27,09:53:30,9.90,2,67772,1984,9.89,879,9.88,1308,9.87,1852,9.86,1743,9.85,1748,9.90,302,9.91,1279,9.92,497,9.93,1233,9.94,98,B
2016-1-27,09:53:34,9.90,235,68007,232624,9.89,860,9.88,1296,9.87,1852,9.86,1744,9.85,1748,9.90,140,9.91,1279,9.92,497,9.93,1233,9.94,98,B
2016-1-27,09:53:36,9.90,34,68041,33664,9.89,1871,9.88,1297,9.87,1852,9.86,1749,9.85,1798,9.90,151,9.91,1279,9.92,397,9.93,1233,9.94,98,B
2016-1-27,09:53:40,9.89,102,68143,100896,9.89,1798,9.88,1297,9.87,1852,9.86,1749,9.85,1807,9.90,494,9.91,1265,9.92,397,9.93,1233,9.94,108,S
2016-1-27,09:53:42,9.90,521,68664,515288,9.89,1312,9.88,1297,9.87,1852,9.86,1749,9.85,1807,9.90,1273,9.91,1265,9.92,397,9.93,1333,9.94,108,B
2016-1-27,09:53:49,9.90,22,68686,21776,9.89,1279,9.88,1297,9.87,1852,9.86,1749,9.85,1807,9.90,1357,9.91,1273,9.92,397,9.93,1333,9.94,108,B
2016-1-27,09:53:51,9.90,1,68687,992,9.89,1326,9.88,1296,9.87,1852,9.86,1749,9.85,1807,9.90,1511,9.91,1273,9.92,397,9.93,1333,9.94,108,B
2016-1-27,09:53:55,9.90,247,68934,244328,9.89,1126,9.88,1296,9.87,1852,9.86,1749,9.85,1807,9.90,1464,9.91,1278,9.92,397,9.93,1333,9.94,108,B
2016-1-27,09:53:57,9.89,169,69103,167160,9.89,972,9.88,1296,9.87,1852,9.86,1749,9.85,1807,9.90,1449,9.91,1278,9.92,397,9.93,1333,9.94,108,S
2016-1-27,09:54:00,9.90,10,69113,9896,9.89,971,9.88,1305,9.87,1852,9.86,1749,9.85,1807,9.90,1542,9.91,1278,9.92,397,9.93,1333,9.94,108,B
2016-1-27,09:54:03,9.89,716,69829,708488,9.89,653,9.88,1316,9.87,1852,9.86,1749,9.85,1807,9.90,1176,9.91,1278,9.92,397,9.93,1333,9.94,108,S
2016-1-27,09:54:06,9.89,49,69878,48480,9.89,676,9.88,1326,9.87,1852,9.86,1747,9.85,1807,9.90,1158,9.91,1278,9.92,397,9.93,1333,9.94,108,S
2016-1-27,09:54:09,9.89,1,69879,992,9.89,710,9.88,1326,9.87,1852,9.86,1747,9.85,1812,9.90,1165,9.91,1278,9.92,399,9.93,1333,9.94,108,S
2016-1-27,09:54:12,9.90,44,69923,43512,9.89,668,9.88,1325,9.87,1852,9.86,1747,9.85,1812,9.90,1263,9.91,1278,9.92,389,9.93,1333,9.94,108,B
2016-1-27,09:54:15,9.90,1,69924,992,9.89,669,9.88,1325,9.87,1852,9.86,1750,9.85,1812,9.90,1652,9.91,1290,9.92,389,9.93,1333,9.94,108,B
2016-1-27,09:54:19,9.89,73,69997,72224,9.89,651,9.88,1325,9.87,1852,9.86,1750,9.85,1812,9.90,1629,9.91,1290,9.92,389,9.93,1333,9.94,108,S
2016-1-27,09:54:22,9.89,22,70019,21760,9.89,638,9.88,1326,9.87,1852,9.86,1750,9.85,1812,9.90,1670,9.91,1290,9.92,389,9.93,1333,9.94,108,S
2016-1-27,09:54:24,9.89,285,70304,282104,9.89,588,9.88,1326,9.87,1852,9.86,1750,9.85,1812,9.90,1438,9.91,1290,9.92,415,9.93,1333,9.94,108,S
2016-1-27,09:54:28,9.90,70,70374,69232,9.89,515,9.88,1323,9.87,1852,9.86,1750,9.85,1812,9.90,1433,9.91,1290,9.92,415,9.93,1333,9.94,108,B
2016-1-27,09:54:31,9.89,114,70488,112752,9.89,412,9.88,1323,9.87,1868,9.86,1750,9.85,1814,9.90,1429,9.91,1290,9.92,415,9.93,425,9.94,108,S
2016-1-27,09:54:33,9.88,482,70970,476712,9.88,1163,9.87,1868,9.86,1750,9.85,1814,9.84,75,9.89,138,9.90,1389,9.91,1290,9.92,415,9.93,425,S
2016-1-27,09:54:36,9.90,169,71139,167168,9.88,1163,9.87,1868,9.86,1750,9.85,1816,9.84,75,9.90,1364,9.91,1290,9.92,415,9.93,425,9.94,108,B
2016-1-27,09:54:39,9.89,271,71410,268160,9.89,31,9.88,1133,9.87,1869,9.86,1750,9.85,1816,9.90,1195,9.91,1290,9.92,406,9.93,425,9.94,191,S
2016-1-27,09:54:42,9.89,31,71441,30680,9.89,121,9.88,1145,9.87,1868,9.86,1750,9.85,1816,9.90,1174,9.91,1290,9.92,406,9.93,425,9.94,191,S
2016-1-27,09:54:45,9.89,194,71635,191888,9.88,1145,9.87,1868,9.86,1750,9.85,1816,9.84,80,9.89,112,9.90,1154,9.91,1290,9.92,406,9.93,425,S
2016-1-27,09:54:48,9.89,48,71683,47432,9.88,1108,9.87,1868,9.86,1750,9.85,1816,9.84,80,9.89,218,9.90,1154,9.91,90,9.92,406,9.93,425,B
2016-1-27,09:54:51,9.89,123,71806,121648,9.88,1108,9.87,1869,9.86,1750,9.85,1816,9.84,80,9.89,161,9.90,1237,9.91,90,9.92,406,9.93,425,B
2016-1-27,09:54:54,9.90,252,72058,249272,9.88,1084,9.87,1869,9.86,1750,9.85,1816,9.84,80,9.90,1170,9.91,90,9.92,406,9.93,425,9.94,191,B
2016-1-27,09:54:57,9.90,67,72125,66328,9.88,1096,9.87,1869,9.86,1750,9.85,1816,9.84,80,9.90,1056,9.91,90,9.92,398,9.93,425,9.94,191,B
2016-1-27,09:55:00,9.89,50,72175,49408,9.88,1061,9.87,1868,9.86,1740,9.85,1816,9.84,80,9.89,78,9.90,1856,9.91,90,9.92,398,9.93,375,S
2016-1-27,09:55:03,9.90,141,72316,139408,9.88,1072,9.87,1868,9.86,1740,9.85,1816,9.84,80,9.90,1803,9.91,90,9.92,398,9.93,375,9.94,186,B
2016-1-27,09:55:06,9.88,13,72329,12848,9.88,1076,9.87,1868,9.86,1740,9.85,1816,9.84,80,9.89,18,9.90,1830,9.91,90,9.92,398,9.93,375,S
2016-1-27,09:55:09,9.90,125,72454,123808,9.88,1038,9.87,1868,9.86,1740,9.85,1816,9.84,80,9.90,1819,9.91,90,9.92,398,9.93,375,9.94,186,B
2016-1-27,09:55:12,9.90,8,72462,7688,9.88,1032,9.87,1868,9.86,1740,9.85,1816,9.84,80,9.90,1848,9.91,90,9.92,398,9.93,375,9.94,196,B
2016-1-27,09:55:16,9.90,673,73135,665432,9.88,529,9.87,1868,9.86,1740,9.85,1816,9.84,80,9.90,1707,9.91,90,9.92,398,9.93,375,9.94,196,B
2016-1-27,09:55:18,9.88,8,73143,7904,9.88,521,9.87,1967,9.86,1740,9.85,1816,9.84,80,9.89,20,9.90,1707,9.91,90,9.92,398,9.93,375,S
2016-1-27,09:55:22,9.90,74,73217,73232,9.89,336,9.88,528,9.87,1968,9.86,1772,9.85,1816,9.90,2463,9.91,90,9.92,398,9.93,375,9.94,196,B
2016-1-27,09:55:25,9.90,1,73218,992,9.89,336,9.88,533,9.87,1968,9.86,1722,9.85,1816,9.90,2655,9.91,90,9.92,392,9.93,375,9.94,177,B
2016-1-27,09:55:28,9.90,58,73276,57384,9.89,306,9.88,534,9.87,1968,9.86,1722,9.85,1816,9.90,2607,9.91,90,9.92,392,9.93,375,9.94,177,B
2016-1-27,09:55:31,9.90,157,73433,155408,9.89,286,9.88,542,9.87,1967,9.86,1721,9.85,1816,9.90,2480,9.91,90,9.92,392,9.93,375,9.94,177,B
2016-1-27,09:55:34,9.89,67,73500,66264,9.89,245,9.88,529,9.87,1967,9.86,1721,9.85,1816,9.90,2480,9.91,90,9.92,392,9.93,375,9.94,177,S
2016-1-27,09:55:36,9.90,97,73597,96016,9.89,249,9.88,529,9.87,1967,9.86,1721,9.85,1816,9.90,2393,9.91,90,9.92,392,9.93,375,9.94,177,B
2016-1-27,09:55:40,9.89,159,73756,157272,9.89,113,9.88,529,9.87,1967,9.86,1721,9.85,1816,9.90,2374,9.91,90,9.92,392,9.93,375,9.94,177,S
2016-1-27,09:55:43,9.90,142,73898,140696,9.89,18,9.88,543,9.87,1975,9.86,1721,9.85,1816,9.90,2340,9.91,90,9.92,392,9.93,375,9.94,177,B
2016-1-27,09:55:46,9.89,53,73951,52464,9.89,185,9.88,581,9.87,1975,9.86,1731,9.85,1804,9.90,2305,9.91,90,9.92,392,9.93,375,9.94,177,S
2016-1-27,09:55:48,9.89,223,74174,220320,9.88,570,9.87,1975,9.86,1731,9.85,1804,9.84,80,9.89,346,9.90,2305,9.91,90,9.92,392,9.93,375,S
2016-1-27,09:55:51,9.89,122,74296,120656,9.88,570,9.87,1976,9.86,1731,9.85,1804,9.84,80,9.89,493,9.90,2305,9.91,95,9.92,441,9.93,375,B
2016-1-27,09:56:00,9.88,300,74596,296400,9.88,285,9.87,1976,9.86,1731,9.85,1814,9.84,80,9.89,763,9.90,2359,9.91,95,9.92,441,9.93,375,S
2016-1-27,09:56:03,9.88,259,74855,255912,9.88,56,9.87,1976,9.86,1731,9.85,1814,9.84,80,9.89,743,9.90,759,9.91,95,9.92,441,9.93,375,S
2016-1-27,09:56:06,9.88,70,74925,69696,9.87,1976,9.86,1728,9.85,1814,9.84,80,9.83,154,9.88,1140,9.89,742,9.90,759,9.91,88,9.92,441,S
2016-1-27,09:56:10,9.88,157,75082,155120,9.87,1975,9.86,1728,9.85,1814,9.84,80,9.83,154,9.88,1063,9.89,676,9.90,764,9.91,88,9.92,441,B
2016-1-27,09:56:12,9.88,16,75098,15808,9.87,1968,9.86,1728,9.85,1764,9.84,80,9.83,154,9.88,1047,9.89,657,9.90,882,9.91,83,9.92,441,B
2016-1-27,09:56:15,9.88,143,75241,141216,9.87,1902,9.86,1728,9.85,1764,9.84,80,9.83,154,9.88,970,9.89,657,9.90,902,9.91,83,9.92,441,B
2016-1-27,09:56:18,9.87,437,75678,431672,9.87,1820,9.86,1728,9.85,1764,9.84,80,9.83,154,9.88,646,9.89,667,9.90,902,9.91,83,9.92,441,S
2016-1-27,09:56:21,9.88,75,75753,74056,9.87,1842,9.86,1772,9.85,1764,9.84,80,9.83,154,9.88,733,9.89,667,9.90,902,9.91,83,9.92,441,B
2016-1-27,09:56:24,9.87,435,76188,429424,9.87,1501,9.86,1777,9.85,1764,9.84,80,9.83,154,9.88,651,9.89,667,9.90,902,9.91,83,9.92,441,S
2016-1-27,09:56:28,9.87,195,76383,192464,9.87,1306,9.86,1747,9.85,1764,9.84,80,9.83,154,9.88,651,9.89,667,9.90,909,9.91,83,9.92,441,S
2016-1-27,09:56:31,9.87,71,76454,70136,9.87,1287,9.86,1747,9.85,1764,9.84,80,9.83,154,9.88,657,9.89,667,9.90,909,9.91,83,9.92,441,S
2016-1-27,09:56:34,9.88,25,76479,24696,9.87,1291,9.86,1748,9.85,1764,9.84,75,9.83,154,9.88,633,9.89,687,9.90,909,9.91,83,9.92,341,B
2016-1-27,09:56:36,9.87,70,76549,69120,9.87,1254,9.86,1743,9.85,1764,9.84,75,9.83,154,9.88,600,9.89,687,9.90,909,9.91,83,9.92,341,S
2016-1-27,09:56:39,9.88,75,76624,74056,9.87,1210,9.86,1743,9.85,1764,9.84,75,9.83,154,9.88,500,9.89,681,9.90,909,9.91,83,9.92,341,B
2016-1-27,09:56:42,9.87,497,77121,490784,9.87,955,9.86,1743,9.85,1739,9.84,75,9.83,164,9.88,259,9.89,681,9.90,907,9.91,83,9.92,341,S
2016-1-27,09:56:45,9.87,222,77343,219128,9.87,750,9.86,1743,9.85,1739,9.84,75,9.83,164,9.88,242,9.89,681,9.90,907,9.91,83,9.92,341,S
2016-1-27,09:56:47,9.88,113,77456,111616,9.87,720,9.86,1743,9.85,1739,9.84,75,9.83,164,9.88,238,9.89,681,9.90,897,9.91,83,9.92,341,B
2016-1-27,09:56:51,9.87,261,77717,257624,9.87,480,9.86,1744,9.85,1739,9.84,75,9.83,164,9.88,218,9.89,485,9.90,897,9.91,83,9.92,341,S
2016-1-27,09:56:55,9.87,96,77813,94784,9.87,417,9.86,1744,9.85,1739,9.84,75,9.83,164,9.88,201,9.89,488,9.90,887,9.91,83,9.92,341,S
2016-1-27,09:56:57,9.87,39,77852,38496,9.87,384,9.86,1744,9.85,1739,9.84,75,9.83,164,9.88,1401,9.89,468,9.90,877,9.91,83,9.92,341,S
2016-1-27,09:57:01,9.87,191,78043,188680,9.87,368,9.86,1744,9.85,1739,9.84,75,9.83,164,9.88,1235,9.89,468,9.90,927,9.91,83,9.92,341,S
2016-1-27,09:57:04,9.87,45,78088,44416,9.87,369,9.86,1744,9.85,1789,9.84,75,9.83,164,9.88,1235,9.89,468,9.90,937,9.91,83,9.92,331,S
2016-1-27,09:57:06,9.87,305,78393,301032,9.87,64,9.86,1744,9.85,1789,9.84,75,9.83,164,9.88,1266,9.89,468,9.90,937,9.91,83,9.92,331,S
2016-1-27,09:57:10,9.86,79,78472,77960,9.86,1709,9.85,1789,9.84,75,9.83,164,9.82,607,9.87,211,9.88,1266,9.89,454,9.90,917,9.91,83,S
2016-1-27,09:57:12,9.87,81,78553,79888,9.86,1648,9.85,1789,9.84,75,9.83,164,9.82,607,9.87,420,9.88,1266,9.89,454,9.90,917,9.91,83,B
2016-1-27,09:57:16,9.87,120,78673,118416,9.86,1624,9.85,1789,9.84,75,9.83,164,9.82,607,9.87,512,9.88,1313,9.89,454,9.90,917,9.91,83,B
2016-1-27,09:57:19,9.87,32,78705,31584,9.86,1637,9.85,1789,9.84,75,9.83,164,9.82,607,9.87,540,9.88,1313,9.89,454,9.90,917,9.91,83,B
2016-1-27,09:57:22,9.87,256,78961,252568,9.86,1533,9.85,1789,9.84,75,9.83,214,9.82,607,9.87,611,9.88,1317,9.89,454,9.90,914,9.91,70,B
2016-1-27,09:57:24,9.87,89,79050,87832,9.86,1533,9.85,1739,9.84,75,9.83,214,9.82,607,9.87,536,9.88,1327,9.89,454,9.90,721,9.91,60,B
2016-1-27,09:57:28,9.87,49,79099,48360,9.86,1533,9.85,1739,9.84,75,9.83,214,9.82,607,9.87,517,9.88,1327,9.89,305,9.90,721,9.91,60,B
2016-1-27,09:57:31,9.87,158,79257,155912,9.86,1504,9.85,1739,9.84,75,9.83,214,9.82,607,9.87,399,9.88,1327,9.89,305,9.90,759,9.91,60,B
2016-1-27,09:57:33,9.86,644,79901,635008,9.86,1381,9.85,1739,9.84,75,9.83,214,9.82,607,9.88,1327,9.89,305,9.90,765,9.91,60,9.92,282,S
2016-1-27,09:57:36,9.87,136,80037,134240,9.86,1381,9.85,1794,9.84,75,9.83,214,9.82,607,9.87,19,9.88,1320,9.89,305,9.90,765,9.91,60,B
2016-1-27,09:57:40,9.87,175,80212,172784,9.86,1455,9.85,1789,9.84,75,9.83,214,9.82,607,9.87,6,9.88,1222,9.89,305,9.90,765,9.91,60,B
2016-1-27,09:57:43,9.86,105,80317,103560,9.86,1368,9.85,1789,9.84,85,9.83,214,9.82,607,9.87,125,9.88,1185,9.89,305,9.90,765,9.91,60,S
2016-1-27,09:57:46,9.86,362,80679,357128,9.86,1185,9.85,1789,9.84,85,9.83,224,9.82,607,9.87,79,9.88,1166,9.89,305,9.90,765,9.91,60,S
2016-1-27,09:57:49,9.86,698,81377,688424,9.86,679,9.85,1790,9.84,85,9.83,224,9.82,607,9.87,103,9.88,1161,9.89,305,9.90,1100,9.91,60,S
2016-1-27,09:57:51,9.87,563,81940,555184,9.86,189,9.85,1790,9.84,85,9.83,224,9.82,607,9.87,70,9.88,1157,9.89,305,9.90,1100,9.91,62,B
2016-1-27,09:57:55,9.87,71,82011,70048,9.86,179,9.85,1794,9.84,85,9.83,224,9.82,607,9.87,396,9.88,1157,9.89,285,9.90,1100,9.91,62,B
2016-1-27,09:57:58,9.86,222,82233,219384,9.85,1795,9.84,135,9.83,224,9.82,611,9.81,1037,9.86,296,9.87,449,9.88,1247,9.89,285,9.90,1100,S
2016-1-27,09:58:01,9.86,2,82235,1976,9.85,1794,9.84,136,9.83,229,9.82,616,9.81,1037,9.86,397,9.87,479,9.88,1247,9.89,285,9.90,1050,B
2016-1-27,09:58:04,9.86,158,82393,155768,9.85,1775,9.84,136,9.83,279,9.82,616,9.81,1037,9.86,352,9.87,479,9.88,1247,9.89,285,9.90,1050,B
2016-1-27,09:58:07,9.85,287,82680,282760,9.85,1553,9.84,135,9.83,279,9.82,616,9.81,1027,9.86,293,9.87,519,9.88,1247,9.89,285,9.90,1050,S
2016-1-27,09:58:10,9.86,210,82890,206896,9.85,1420,9.84,135,9.83,284,9.82,616,9.81,1027,9.86,247,9.87,519,9.88,1247,9.89,285,9.90,1050,B
2016-1-27,09:58:13,9.86,2263,85153,2227808,9.85,6,9.82,376,9.81,1027,9.80,2042,9.79,30,9.86,129,9.87,219,9.88,1247,9.89,285,9.90,1044,B
2016-1-27,09:58:16,9.86,87,85240,85776,9.82,379,9.81,1027,9.80,2042,9.79,30,9.78,304,9.86,168,9.87,177,9.88,1247,9.89,285,9.90,1040,B
2016-1-27,09:58:19,9.82,547,85787,538096,9.82,230,9.81,1027,9.80,2047,9.79,30,9.78,304,9.87,177,9.88,1247,9.89,285,9.90,1010,9.91,62,S
2016-1-27,09:58:22,9.86,44,85831,43424,9.86,7,9.85,1,9.82,330,9.81,1032,9.80,2044,9.87,136,9.88,1247,9.89,285,9.90,1010,9.91,62,B
2016-1-27,09:58:24,9.85,315,86146,309392,9.82,50,9.81,1032,9.80,2044,9.79,30,9.78,324,9.85,45,9.86,27,9.87,136,9.88,1247,9.89,285,S
2016-1-27,09:58:28,9.82,90,86236,88896,9.81,1033,9.80,2044,9.79,30,9.78,324,9.77,102,9.82,132,9.85,151,9.86,49,9.87,176,9.88,1247,S
2016-1-27,09:58:30,9.82,138,86374,135000,9.83,6,9.81,1029,9.80,2044,9.79,30,9.78,324,9.85,151,9.86,124,9.87,176,9.88,1247,9.89,285,B
2016-1-27,09:58:34,9.83,82,86456,80768,9.83,5,9.82,112,9.81,1029,9.80,2039,9.79,30,9.85,70,9.86,142,9.87,226,9.88,1247,9.89,285,S
2016-1-27,09:58:37,9.84,232,86688,227904,9.84,4,9.82,1005,9.81,972,9.80,2032,9.79,30,9.85,30,9.86,142,9.87,226,9.88,1247,9.89,285,B
2016-1-27,09:58:40,9.82,241,86929,236784,9.83,8,9.82,1665,9.81,1022,9.80,2032,9.79,30,9.86,119,9.87,226,9.88,1237,9.89,285,9.90,1010,S
2016-1-27,09:58:43,9.83,14,86943,13760,9.82,1750,9.81,1027,9.80,2069,9.79,30,9.78,324,9.83,40,9.86,139,9.87,226,9.88,1237,9.89,295,S
2016-1-27,09:58:46,9.83,233,87176,229040,9.82,1893,9.81,1029,9.80,2069,9.79,30,9.78,324,9.83,7,9.86,139,9.87,226,9.88,146,9.89,295,B
2016-1-27,09:58:49,9.85,9,87185,8856,9.82,1924,9.81,696,9.80,2057,9.79,30,9.78,324,9.85,28,9.86,124,9.87,316,9.88,156,9.89,295,B
2016-1-27,09:58:52,9.83,103,87288,101368,9.83,93,9.82,1923,9.81,706,9.80,2067,9.79,30,9.86,102,9.87,324,9.88,156,9.89,295,9.90,1010,S
2016-1-27,09:58:55,9.83,207,87495,203912,9.83,130,9.82,1930,9.81,706,9.80,2067,9.79,30,9.87,326,9.88,56,9.89,295,9.90,1008,9.91,95,S
2016-1-27,09:58:58,9.83,39,87534,38336,9.83,243,9.82,1822,9.81,701,9.80,2057,9.79,30,9.85,9,9.86,101,9.87,416,9.88,56,9.89,295,S
2016-1-27,09:59:01,9.85,32,87566,31472,9.83,344,9.82,1923,9.81,772,9.80,2047,9.79,30,9.85,20,9.86,151,9.87,426,9.88,56,9.89,295,B
2016-1-27,09:59:04,9.83,35,87601,34416,9.83,770,9.82,1924,9.81,775,9.80,2057,9.79,30,9.85,132,9.86,151,9.87,426,9.88,56,9.89,295,S
2016-1-27,09:59:06,9.85,7,87608,6896,9.83,777,9.82,1925,9.81,775,9.80,2073,9.79,30,9.85,125,9.86,151,9.87,3517,9.88,56,9.89,295,B
2016-1-27,09:59:10,9.85,33,87641,32504,9.83,862,9.82,1924,9.81,774,9.80,2074,9.79,30,9.85,110,9.86,151,9.87,3517,9.88,126,9.89,295,B
2016-1-27,09:59:13,9.84,214,87855,210984,9.83,969,9.82,1923,9.81,774,9.80,2074,9.79,30,9.84,42,9.85,5,9.86,151,9.87,3517,9.88,126,S
2016-1-27,09:59:15,9.85,47,87902,46144,9.84,20,9.83,967,9.82,1953,9.81,794,9.80,2074,9.85,4,9.86,151,9.87,3517,9.88,126,9.89,295,B
2016-1-27,09:59:19,9.86,58,87960,56592,9.84,100,9.83,1011,9.82,1979,9.81,794,9.80,2171,9.86,139,9.87,3517,9.88,126,9.89,295,9.90,1028,B
2016-1-27,09:59:22,9.86,13,87973,12816,9.85,10,9.84,100,9.83,1170,9.82,1979,9.81,794,9.86,226,9.87,3517,9.88,126,9.89,295,9.90,1025,B
2016-1-27,09:59:25,9.85,371,88344,365904,9.85,227,9.84,102,9.83,1170,9.82,1297,9.81,838,9.86,10,9.87,3398,9.88,126,9.89,295,9.90,1030,S
2016-1-27,09:59:28,9.86,1,88345,984,9.85,252,9.84,104,9.83,1123,9.82,1297,9.81,838,9.86,19,9.87,3398,9.88,126,9.89,325,9.90,1030,B
2016-1-27,09:59:31,9.87,44,88389,43384,9.85,244,9.84,343,9.83,1120,9.82,1297,9.81,843,9.87,3383,9.88,126,9.89,325,9.90,1030,9.91,85,B
2016-1-27,09:59:33,9.86,7,88396,6904,9.85,301,9.84,417,9.83,1118,9.82,1297,9.81,843,9.86,76,9.87,3383,9.88,126,9.89,348,9.90,928,S
2016-1-27,09:59:36,9.84,787,89183,775352,9.83,1108,9.82,1244,9.81,843,9.80,2186,9.79,151,9.84,4994,9.85,10,9.86,96,9.87,3383,9.88,133,S
2016-1-27,09:59:40,9.84,323,89506,317824,9.83,1108,9.82,1238,9.81,843,9.80,2186,9.79,151,9.84,4671,9.85,10,9.86,110,9.87,3383,9.88,133,B
2016-1-27,09:59:43,9.84,88,89594,86592,9.83,1111,9.82,1189,9.81,844,9.80,2196,9.79,151,9.84,4583,9.85,18,9.86,110,9.87,3383,9.88,133,B
2016-1-27,09:59:44,9.84,16,89610,15744,9.83,1111,9.82,1189,9.81,844,9.80,2203,9.79,151,9.84,4567,9.85,18,9.86,110,9.87,3383,9.88,133,B
2016-1-27,09:59:48,9.83,732,90342,720208,9.83,888,9.82,1189,9.81,1844,9.80,2218,9.79,151,9.84,3915,9.85,21,9.86,110,9.87,3383,9.88,133,S
2016-1-27,09:59:52,9.84,78,90420,76736,9.83,852,9.82,405,9.81,1848,9.80,2213,9.79,151,9.84,3859,9.85,21,9.86,110,9.87,3383,9.88,133,B
2016-1-27,09:59:55,9.82,1320,91740,1296728,9.81,1848,9.80,2215,9.79,151,9.78,438,9.77,169,9.82,2092,9.83,575,9.84,3955,9.85,21,9.86,81,S
2016-1-27,09:59:57,9.82,271,92011,266120,9.81,1883,9.80,7215,9.79,151,9.78,438,9.77,169,9.82,1821,9.83,586,9.84,3955,9.85,21,9.86,81,B
2016-1-27,10:00:00,9.82,165,92176,162032,9.81,1884,9.80,7220,9.79,151,9.78,438,9.77,169,9.82,1656,9.83,647,9.84,3955,9.85,21,9.86,81,B
2016-1-27,10:00:04,9.82,276,92452,271032,9.81,1933,9.80,7290,9.79,151,9.78,438,9.77,169,9.82,1403,9.83,657,9.84,3955,9.85,21,9.86,81,B
2016-1-27,10:00:07,9.82,1367,93819,1342272,9.81,1819,9.80,7296,9.79,151,9.78,438,9.77,169,9.82,156,9.83,657,9.84,3955,9.85,21,9.86,81,B
2016-1-27,10:00:10,9.81,117,93936,114864,9.81,1764,9.80,7296,9.79,151,9.78,438,9.77,169,9.82,68,9.83,657,9.84,3955,9.85,21,9.86,101,S
2016-1-27,10:00:13,9.81,298,94234,292392,9.81,1637,9.80,7296,9.79,1151,9.78,438,9.77,169,9.82,10,9.83,659,9.84,3955,9.85,21,9.86,101,S
2016-1-27,10:00:15,9.82,143,94377,140448,9.82,1133,9.81,1673,9.80,7296,9.79,1161,9.78,438,9.83,794,9.84,3849,9.85,21,9.86,101,9.87,3379,B
2016-1-27,10:00:19,9.83,3,94380,2944,9.82,1242,9.81,1689,9.80,7296,9.79,1161,9.78,438,9.83,791,9.84,3849,9.85,21,9.86,101,9.87,3379,B
2016-1-27,10:00:22,9.82,114,94494,111872,9.82,1906,9.81,1700,9.80,7296,9.79,1161,9.78,438,9.83,730,9.84,3849,9.85,21,9.86,101,9.87,3379,S
2016-1-27,10:00:25,9.82,208,94702,204264,9.82,2110,9.81,1700,9.80,7298,9.79,1161,9.78,438,9.83,726,9.84,3849,9.85,21,9.86,101,9.87,288,S
2016-1-27,10:00:28,9.83,50,94752,49136,9.82,2341,9.81,1831,9.80,7298,9.79,1161,9.78,1438,9.83,712,9.84,3849,9.85,21,9.86,101,9.87,288,B
2016-1-27,10:00:31,9.83,3312,98064,3252160,9.82,2,9.81,1189,9.80,7298,9.79,1161,9.78,1438,9.83,481,9.84,3849,9.85,21,9.86,101,9.87,288,B
2016-1-27,10:00:34,9.83,529,98593,520224,9.83,258,9.82,53,9.81,1185,9.80,7299,9.79,1044,9.84,3849,9.85,21,9.86,101,9.87,288,9.88,117,B
2016-1-27,10:00:37,9.83,62,98655,60952,9.83,527,9.82,68,9.81,1186,9.80,7299,9.79,1044,9.84,3844,9.85,21,9.86,101,9.87,288,9.88,117,S
2016-1-27,10:00:40,9.84,29,98684,28520,9.83,533,9.82,150,9.81,1192,9.80,7298,9.79,1044,9.84,3934,9.85,21,9.86,101,9.87,288,9.88,117,B
2016-1-27,10:00:43,9.84,7,98691,6888,9.83,538,9.82,778,9.81,1202,9.80,7518,9.79,1044,9.84,3927,9.85,21,9.86,101,9.87,288,9.88,117,B
2016-1-27,10:00:46,9.84,310,99001,305040,9.83,558,9.82,1030,9.81,1347,9.80,7519,9.79,1044,9.84,3617,9.85,21,9.86,131,9.87,288,9.88,117,B
2016-1-27,10:00:48,9.84,61,99062,60024,9.83,625,9.82,1033,9.81,1365,9.80,7519,9.79,1044,9.84,3556,9.85,21,9.86,131,9.87,288,9.88,117,B
2016-1-27,10:00:52,9.83,78,99140,76712,9.83,584,9.82,1044,9.81,1409,9.80,7519,9.79,1047,9.84,3520,9.85,21,9.86,131,9.87,288,9.88,117,S
2016-1-27,10:00:54,9.84,2980,102120,2932320,9.83,699,9.82,1038,9.81,1389,9.80,7509,9.79,1047,9.84,540,9.85,21,9.86,131,9.87,288,9.88,145,B
2016-1-27,10:00:58,9.84,98,102218,96424,9.83,830,9.82,1063,9.81,1703,9.80,7509,9.79,1047,9.84,446,9.85,21,9.86,131,9.87,288,9.88,145,B
2016-1-27,10:01:00,9.84,67,102285,65928,9.83,836,9.82,1127,9.81,1704,9.80,7503,9.79,1047,9.84,379,9.85,21,9.86,131,9.87,288,9.88,145,B
2016-1-27,10:01:03,9.84,413,102698,406728,9.84,2904,9.83,857,9.82,1121,9.81,1704,9.80,7503,9.85,19,9.86,131,9.87,288,9.88,145,9.89,348,B
2016-1-27,10:01:07,9.84,6,102704,5904,9.84,3053,9.83,890,9.82,1182,9.81,1739,9.80,7503,9.85,17,9.86,131,9.87,288,9.88,145,9.89,348,S
2016-1-27,10:01:10,9.85,17,102721,16744,9.85,12,9.84,3113,9.83,956,9.82,1222,9.81,1826,9.86,131,9.87,288,9.88,145,9.89,348,9.90,932,B
2016-1-27,10:01:13,9.86,18,102739,17736,9.85,14,9.84,3154,9.83,988,9.82,1232,9.81,1829,9.86,103,9.87,288,9.88,138,9.89,348,9.90,932,B
2016-1-27,10:01:16,9.86,88,102827,86552,9.85,200,9.84,3112,9.83,982,9.82,1232,9.81,1829,9.86,88,9.87,288,9.88,138,9.89,348,9.90,932,B
2016-1-27,10:01:19,9.85,23,102850,22760,9.85,203,9.84,3140,9.83,1028,9.82,1352,9.81,1829,9.86,88,9.87,178,9.88,138,9.89,348,9.90,932,S
2016-1-27,10:01:22,9.85,56,102906,55176,9.85,341,9.84,3141,9.83,1104,9.82,1362,9.81,1829,9.86,67,9.87,178,9.88,118,9.89,418,9.90,932,S
2016-1-27,10:01:24,9.86,44,102950,43384,9.85,369,9.84,3132,9.83,1114,9.82,1266,9.81,1834,9.86,23,9.87,178,9.88,118,9.89,418,9.90,932,B
2016-1-27,10:01:28,9.86,78,103028,76856,9.85,307,9.84,3139,9.83,1065,9.82,1266,9.81,1840,9.86,113,9.87,178,9.88,118,9.89,418,9.90,932,B
2016-1-27,10:01:31,9.85,183,103211,180272,9.85,142,9.84,3549,9.83,1064,9.82,1266,9.81,1840,9.86,96,9.87,178,9.88,118,9.89,418,9.90,932,S
2016-1-27,10:01:34,9.86,3,103214,2960,9.85,142,9.84,3536,9.83,1081,9.82,1266,9.81,1840,9.86,93,9.87,178,9.88,118,9.89,418,9.90,932,B
2016-1-27,10:01:36,9.86,14,103228,13808,9.85,220,9.84,3542,9.83,1067,9.82,1266,9.81,1846,9.86,79,9.87,178,9.88,118,9.89,418,9.90,932,B
2016-1-27,10:01:39,9.87,338,103566,333080,9.86,17,9.85,20,9.84,3547,9.83,1067,9.82,1166,9.87,140,9.88,118,9.89,472,9.90,932,9.91,102,B
2016-1-27,10:01:43,9.86,60,103626,59192,9.86,92,9.85,22,9.84,3539,9.83,1074,9.82,1156,9.87,105,9.88,108,9.89,583,9.90,941,9.91,102,S
2016-1-27,10:01:46,9.88,165,103791,162920,9.86,153,9.85,117,9.84,3539,9.83,1056,9.82,1156,9.88,48,9.89,583,9.90,941,9.91,102,9.92,286,B
2016-1-27,10:01:49,9.88,39,103830,38528,9.86,167,9.85,160,9.84,3499,9.83,1056,9.82,1106,9.88,9,9.89,583,9.90,891,9.91,102,9.92,286,B
2016-1-27,10:01:52,9.87,9,103839,8888,9.87,6,9.86,168,9.85,511,9.84,3492,9.83,1061,9.88,9,9.89,530,9.90,891,9.91,82,9.92,286,S
2016-1-27,10:01:54,9.86,9,103848,8880,9.86,175,9.85,558,9.84,3492,9.83,1061,9.82,1104,9.88,14,9.89,530,9.90,891,9.91,82,9.92,286,S
2016-1-27,10:01:58,9.88,5,103853,4936,9.87,11,9.86,196,9.85,691,9.84,3492,9.83,1061,9.88,11,9.89,530,9.90,891,9.91,82,9.92,286,B
2016-1-27,10:02:01,9.88,11,103864,10872,9.88,5,9.87,11,9.86,1454,9.85,757,9.84,3492,9.89,530,9.90,891,9.91,82,9.92,286,9.93,240,B
2016-1-27,10:02:03,9.87,42,103906,41488,9.87,56,9.86,1422,9.85,756,9.84,3495,9.83,1059,9.88,69,9.89,460,9.90,891,9.91,82,9.92,286,S
2016-1-27,10:02:06,9.88,2,103908,1968,9.87,63,9.86,1432,9.85,756,9.84,3495,9.83,979,9.88,177,9.89,460,9.90,906,9.91,82,9.92,286,B
2016-1-27,10:02:10,9.88,55,103963,54336,9.87,78,9.86,1452,9.85,776,9.84,3487,9.83,979,9.88,733,9.89,460,9.90,906,9.91,82,9.92,286,B
2016-1-27,10:02:13,9.88,10,103973,9880,9.87,78,9.86,1442,9.85,776,9.84,3487,9.83,979,9.88,723,9.89,460,9.90,906,9.91,82,9.92,286,B
2016-1-27,10:02:15,9.88,546,104519,539448,9.87,87,9.86,1441,9.85,776,9.84,3487,9.83,979,9.88,197,9.89,460,9.90,906,9.91,82,9.92,286,B
2016-1-27,10:02:19,9.88,2,104521,1976,9.87,93,9.86,1430,9.85,810,9.84,3487,9.83,979,9.88,195,9.89,460,9.90,906,9.91,82,9.92,286,B
2016-1-27,10:02:24,9.88,38,104559,37544,9.87,126,9.86,1430,9.85,859,9.84,3492,9.83,979,9.88,707,9.89,460,9.90,906,9.91,91,9.92,286,B
2016-1-27,10:02:26,9.88,62,104621,61240,9.87,110,9.86,1430,9.85,859,9.84,3496,9.83,979,9.88,661,9.89,406,9.90,906,9.91,91,9.92,286,B
2016-1-27,10:02:31,9.88,21,104642,20752,9.87,111,9.86,1429,9.85,854,9.84,3491,9.83,853,9.88,660,9.89,406,9.90,906,9.91,91,9.92,286,B
2016-1-27,10:02:34,9.88,32,104674,31584,9.87,83,9.86,1429,9.85,854,9.84,3496,9.83,853,9.88,678,9.89,406,9.90,906,9.91,2941,9.92,286,B
2016-1-27,10:02:37,9.88,52,104726,51376,9.87,83,9.86,1429,9.85,1054,9.84,3496,9.83,853,9.88,626,9.89,406,9.90,906,9.91,3441,9.92,286,B
2016-1-27,10:02:39,9.88,306,105032,302328,9.87,85,9.86,1557,9.85,1054,9.84,3496,9.83,853,9.88,320,9.89,406,9.90,896,9.91,3441,9.92,286,B
2016-1-27,10:02:43,9.86,1511,106543,1489976,9.86,165,9.85,1054,9.84,3286,9.83,853,9.82,1107,9.88,309,9.89,406,9.90,896,9.91,3441,9.92,286,S
2016-1-27,10:02:45,9.87,40,106583,39480,9.86,165,9.85,1054,9.84,3286,9.83,883,9.82,1107,9.87,60,9.88,309,9.89,418,9.90,896,9.91,3441,B
2016-1-27,10:02:48,9.87,5,106588,4936,9.86,165,9.85,1054,9.84,3287,9.83,883,9.82,1112,9.87,59,9.88,309,9.89,504,9.90,896,9.91,3441,B
2016-1-27,10:02:51,9.86,179,106767,176496,9.85,1054,9.84,3286,9.83,833,9.82,1112,9.81,1720,9.86,821,9.87,59,9.88,311,9.89,504,9.90,896,S
2016-1-27,10:02:54,9.86,17,106784,16760,9.85,1054,9.84,3286,9.83,833,9.82,1112,9.81,1720,9.86,804,9.87,79,9.88,315,9.89,558,9.90,906,B
2016-1-27,10:02:57,9.85,101,106885,99584,9.85,988,9.84,3286,9.83,833,9.82,1112,9.81,1738,9.86,704,9.87,79,9.88,525,9.89,558,9.90,906,S
2016-1-27,10:03:01,9.85,14,106899,13800,9.85,985,9.84,3286,9.83,803,9.82,1215,9.81,1738,9.86,786,9.87,89,9.88,525,9.89,557,9.90,906,S
2016-1-27,10:03:03,9.85,240,107139,236408,9.85,781,9.84,3286,9.83,803,9.82,1215,9.81,1738,9.86,776,9.87,89,9.88,525,9.89,606,9.90,916,S
2016-1-27,10:03:06,9.86,31,107170,30568,9.85,783,9.84,3281,9.83,803,9.82,1215,9.81,1725,9.86,745,9.87,89,9.88,525,9.89,606,9.90,916,B
2016-1-27,10:03:09,9.85,231,107401,227744,9.85,692,9.84,3281,9.83,803,9.82,1215,9.81,1725,9.86,535,9.87,89,9.88,535,9.89,606,9.90,916,S
2016-1-27,10:03:12,9.86,211,107612,207848,9.85,303,9.84,3281,9.83,803,9.82,1215,9.81,1725,9.86,524,9.87,89,9.88,537,9.89,606,9.90,916,B
2016-1-27,10:03:16,9.86,18,107630,17744,9.85,329,9.84,3281,9.83,815,9.82,1215,9.81,1653,9.86,512,9.87,89,9.88,547,9.89,606,9.90,916,B
2016-1-27,10:03:18,9.86,572,108202,563240,9.85,289,9.84,3281,9.83,815,9.82,1215,9.81,1667,9.86,1,9.87,89,9.88,547,9.89,606,9.90,916,B
2016-1-27,10:03:21,9.87,8,108210,8496,9.86,59,9.85,295,9.84,3281,9.83,715,9.82,1215,9.87,95,9.88,547,9.89,557,9.90,916,9.91,3432,B
2016-1-27,10:03:25,9.86,16,108226,15776,9.86,69,9.85,324,9.84,3281,9.83,715,9.82,1215,9.87,95,9.88,547,9.89,557,9.90,916,9.91,3432,S
2016-1-27,10:03:30,9.87,12,108238,11848,9.86,133,9.85,1076,9.84,3286,9.83,711,9.82,1215,9.87,83,9.88,657,9.89,557,9.90,916,9.91,3432,B
2016-1-27,10:03:32,9.86,100,108338,98592,9.86,56,9.85,1084,9.84,3286,9.83,711,9.82,1215,9.87,83,9.88,657,9.89,557,9.90,926,9.91,3432,S
2016-1-27,10:03:37,9.87,37,108375,36520,9.86,133,9.85,1084,9.84,3286,9.83,711,9.82,1215,9.87,199,9.88,657,9.89,557,9.90,926,9.91,3432,B
2016-1-27,10:03:39,9.86,13,108388,12824,9.86,124,9.85,1094,9.84,3286,9.83,716,9.82,1215,9.87,246,9.88,664,9.89,577,9.90,948,9.91,3432,S
2016-1-27,10:03:43,9.86,160,108548,157816,9.86,19,9.85,1145,9.84,3286,9.83,701,9.82,1220,9.87,393,9.88,664,9.89,577,9.90,948,9.91,3432,S
2016-1-27,10:03:46,9.87,1,108549,984,9.86,329,9.85,1123,9.84,3286,9.83,701,9.82,1220,9.87,404,9.88,654,9.89,577,9.90,948,9.91,3432,B
2016-1-27,10:03:51,9.87,220,108769,216944,9.86,142,9.85,1133,9.84,759,9.83,701,9.82,1237,9.87,384,9.88,650,9.89,577,9.90,948,9.91,3432,B
2016-1-27,10:03:58,9.86,58,108827,57184,9.86,94,9.85,1112,9.84,759,9.83,701,9.82,1240,9.87,384,9.88,2150,9.89,586,9.90,948,9.91,3432,S
2016-1-27,10:04:00,9.87,152,108979,150024,9.86,138,9.85,1113,9.84,759,9.83,701,9.82,1240,9.87,232,9.88,2150,9.89,586,9.90,948,9.91,3432,B
2016-1-27,10:04:04,9.83,2116,111095,2083472,9.83,651,9.82,1227,9.81,1653,9.80,7705,9.79,1078,9.84,934,9.87,346,9.88,2155,9.89,586,9.90,948,S
2016-1-27,10:04:06,9.84,21,111116,20664,9.83,651,9.82,1227,9.81,1654,9.80,7710,9.79,1078,9.84,913,9.85,55,9.87,334,9.88,2155,9.89,586,B
2016-1-27,10:04:10,9.84,81,111197,79704,9.83,661,9.82,1227,9.81,1654,9.80,7710,9.79,1078,9.84,832,9.85,55,9.86,1,9.87,344,9.88,2155,B
2016-1-27,10:04:12,9.84,2,111199,1968,9.83,662,9.82,1227,9.81,1654,9.80,7703,9.79,1078,9.84,830,9.85,55,9.86,1,9.87,344,9.88,186,B
2016-1-27,10:04:16,9.84,44,111243,43296,9.83,662,9.82,1237,9.81,1654,9.80,7698,9.79,1078,9.84,879,9.85,55,9.86,1,9.87,1026,9.88,186,B
2016-1-27,10:04:19,9.84,61,111304,60024,9.83,645,9.82,1237,9.81,1654,9.80,7698,9.79,1078,9.84,823,9.85,55,9.86,76,9.87,1076,9.88,186,B
2016-1-27,10:04:21,9.84,9,111313,8856,9.83,648,9.82,1247,9.81,1654,9.80,7698,9.79,1078,9.84,814,9.85,55,9.86,76,9.87,1076,9.88,186,B
2016-1-27,10:04:24,9.83,47,111360,46200,9.83,611,9.82,1247,9.81,1654,9.80,7708,9.79,1078,9.84,814,9.85,55,9.86,76,9.87,1076,9.88,186,S
2016-1-27,10:04:27,9.84,33,111393,32448,9.83,686,9.82,1247,9.81,1644,9.80,7708,9.79,1078,9.84,811,9.85,55,9.86,76,9.87,1076,9.88,206,B
2016-1-27,10:04:31,9.83,26,111419,25568,9.83,674,9.82,1232,9.81,1640,9.80,7708,9.79,1078,9.84,798,9.85,55,9.86,136,9.87,1081,9.88,206,S
2016-1-27,10:04:34,9.84,59,111478,58056,9.83,676,9.82,1242,9.81,1640,9.80,7708,9.79,1078,9.84,739,9.85,55,9.86,136,9.87,1081,9.88,206,B
2016-1-27,10:04:37,9.84,35,111513,34440,9.83,806,9.82,1242,9.81,1640,9.80,7694,9.79,1078,9.84,704,9.85,55,9.86,136,9.87,1081,9.88,206,B
2016-1-27,10:04:39,9.84,60,111573,59024,9.83,812,9.82,1267,9.81,1630,9.80,7716,9.79,1078,9.84,657,9.85,55,9.86,136,9.87,1081,9.88,215,B
2016-1-27,10:04:41,9.83,56,111629,55104,9.83,811,9.82,1267,9.81,1630,9.80,7723,9.79,1079,9.84,604,9.85,55,9.86,136,9.87,1081,9.88,215,S
2016-1-27,10:04:46,9.84,57,111686,56080,9.83,832,9.82,1150,9.81,1630,9.80,7728,9.79,1079,9.84,556,9.85,55,9.86,136,9.87,1081,9.88,215,B
2016-1-27,10:04:48,9.84,10,111696,9840,9.83,827,9.82,1150,9.81,1630,9.80,7748,9.79,1079,9.84,546,9.85,55,9.86,136,9.87,1081,9.88,215,B
2016-1-27,10:04:52,9.83,153,111849,150416,9.83,695,9.82,1160,9.81,1630,9.80,7748,9.79,1079,9.84,528,9.85,55,9.86,136,9.87,1081,9.88,215,S
2016-1-27,10:04:53,9.83,170,112019,167112,9.83,550,9.82,660,9.81,1630,9.80,7748,9.79,1079,9.84,528,9.85,55,9.86,136,9.87,1081,9.88,215,S
2016-1-27,10:04:58,9.84,94,112113,92472,9.83,646,9.82,683,9.81,1630,9.80,7735,9.79,1079,9.84,453,9.85,55,9.86,136,9.87,1081,9.88,215,B
2016-1-27,10:05:00,9.83,186,112299,183000,9.83,627,9.82,678,9.81,1647,9.80,7725,9.79,1079,9.84,297,9.85,55,9.86,136,9.87,1081,9.88,215,S
2016-1-27,10:05:03,9.83,16,112315,15744,9.83,730,9.82,661,9.81,1647,9.80,7725,9.79,1080,9.84,282,9.85,55,9.86,136,9.87,1081,9.88,264,S
2016-1-27,10:05:07,9.84,321,112636,315552,9.83,427,9.82,644,9.81,1647,9.80,7725,9.79,1110,9.84,269,9.85,55,9.86,136,9.87,1131,9.88,264,B
2016-1-27,10:05:09,9.84,60,112696,59032,9.83,431,9.82,644,9.81,1665,9.80,7725,9.79,1110,9.84,215,9.85,55,9.86,136,9.87,1131,9.88,264,B
2016-1-27,10:05:12,9.84,107,112803,105192,9.83,336,9.82,659,9.81,1665,9.80,7733,9.79,1110,9.84,208,9.85,55,9.86,136,9.87,1131,9.88,264,B
2016-1-27,10:05:16,9.83,183,112986,179936,9.83,202,9.82,656,9.81,1780,9.80,7743,9.79,1112,9.84,160,9.85,55,9.86,136,9.87,1131,9.88,264,S
2016-1-27,10:05:18,9.84,137,113123,134744,9.83,258,9.82,656,9.81,1780,9.80,7743,9.79,1112,9.84,91,9.85,55,9.86,136,9.87,1131,9.88,264,B
2016-1-27,10:05:22,9.84,121,113244,119000,9.83,195,9.82,658,9.81,1767,9.80,7743,9.79,1112,9.84,31,9.85,55,9.86,136,9.87,1131,9.88,264,B
2016-1-27,10:05:25,9.85,68,113312,66912,9.83,180,9.82,665,9.81,1767,9.80,7743,9.79,1112,9.85,35,9.86,136,9.87,1131,9.88,264,9.89,566,B
2016-1-27,10:05:27,9.84,31,113343,30504,9.83,179,9.82,665,9.81,1767,9.80,7763,9.79,1112,9.84,63,9.85,235,9.86,136,9.87,1131,9.88,264,S
2016-1-27,10:05:31,9.84,22,113365,21648,9.83,188,9.82,665,9.81,1767,9.80,7763,9.79,1112,9.84,41,9.85,235,9.86,156,9.87,1131,9.88,264,B
2016-1-27,10:05:34,9.84,54,113419,53136,9.84,7,9.83,188,9.82,905,9.81,1767,9.80,7763,9.85,232,9.86,156,9.87,1131,9.88,244,9.89,566,B
2016-1-27,10:05:39,9.82,1338,114757,1314640,9.83,1,9.82,28,9.81,1782,9.80,7774,9.79,1112,9.85,223,9.86,156,9.87,1131,9.88,244,9.89,566,S
2016-1-27,10:05:43,9.85,162,114919,159408,9.84,1,9.82,1,9.81,1787,9.80,7774,9.79,1112,9.85,335,9.86,156,9.87,1131,9.88,244,9.89,566,B
2016-1-27,10:05:46,9.83,50,114969,49240,9.82,1,9.81,1787,9.80,7829,9.79,1092,9.78,1480,9.83,184,9.84,15,9.85,291,9.86,176,9.87,1131,S
2016-1-27,10:05:49,9.85,528,115497,519536,9.84,10,9.82,1,9.81,1787,9.80,7827,9.79,1092,9.85,32,9.86,246,9.87,1131,9.88,244,9.89,566,B
2016-1-27,10:05:51,9.86,45,115542,44336,9.84,11,9.83,206,9.82,1,9.81,1787,9.80,7827,9.86,234,9.87,1131,9.88,239,9.89,566,9.90,1085,B
2016-1-27,10:05:54,9.84,33,115575,32520,9.83,206,9.82,11,9.81,1787,9.80,7827,9.79,1092,9.84,3,9.86,212,9.87,1131,9.88,239,9.89,566,S
2016-1-27,10:05:58,9.83,107,115682,105480,9.83,201,9.82,12,9.81,1787,9.80,7813,9.79,1092,9.85,300,9.86,113,9.87,1131,9.88,239,9.89,566,S
2016-1-27,10:06:01,9.84,107,115789,105368,9.84,5,9.83,198,9.82,12,9.81,1797,9.80,7829,9.85,218,9.86,113,9.87,1131,9.88,239,9.89,566,B
2016-1-27,10:06:04,9.84,29,115818,28560,9.83,200,9.82,1002,9.81,1867,9.80,7829,9.79,1092,9.84,13,9.85,196,9.86,113,9.87,1131,9.88,239,S
2016-1-27,10:06:07,9.84,1,115819,976,9.83,200,9.82,1052,9.81,1865,9.80,7831,9.79,1092,9.84,12,9.85,318,9.86,113,9.87,1131,9.88,239,B
2016-1-27,10:06:10,9.84,42,115861,41312,9.83,230,9.82,1052,9.81,1882,9.80,7833,9.79,1092,9.84,10,9.85,333,9.86,613,9.87,1131,9.88,239,B
2016-1-27,10:06:12,9.86,520,116381,512368,9.83,230,9.82,1042,9.81,1882,9.80,7837,9.79,1092,9.84,12,9.86,459,9.87,1131,9.88,239,9.89,566,B
2016-1-27,10:06:15,9.83,451,116832,443632,9.83,80,9.82,1071,9.81,1876,9.80,7837,9.79,1092,9.84,11,9.86,459,9.87,1131,9.88,239,9.89,566,S
2016-1-27,10:06:19,9.86,44,116876,43360,9.83,81,9.82,1070,9.81,1876,9.80,7837,9.79,1092,9.86,426,9.87,1131,9.88,239,9.89,455,9.90,1079,B
2016-1-27,10:06:21,9.84,45,116921,44328,9.83,83,9.82,1070,9.81,1876,9.80,7887,9.79,1092,9.84,168,9.86,403,9.87,1131,9.88,239,9.89,455,S
2016-1-27,10:06:24,9.84,52,116973,51136,9.83,54,9.82,1073,9.81,1876,9.80,7888,9.79,1092,9.84,146,9.85,10,9.86,415,9.87,1131,9.88,237,B
2016-1-27,10:06:28,9.84,44,117017,43296,9.83,54,9.82,1073,9.81,1886,9.80,7890,9.79,1092,9.84,102,9.85,10,9.86,515,9.87,1131,9.88,237,B
2016-1-27,10:06:31,9.83,52,117069,51128,9.83,38,9.82,1076,9.81,1883,9.80,7890,9.79,1092,9.84,92,9.85,10,9.86,715,9.87,1131,9.88,237,S
2016-1-27,10:06:33,9.83,67,117136,65832,9.83,3,9.82,1054,9.81,1883,9.80,7920,9.79,1092,9.84,592,9.85,10,9.86,832,9.87,1141,9.88,237,S
2016-1-27,10:06:36,9.84,42,117178,41328,9.83,5,9.82,1057,9.81,1883,9.80,7920,9.79,1296,9.84,550,9.85,10,9.86,832,9.87,1191,9.88,237,B
2016-1-27,10:06:40,9.82,80,117258,78616,9.82,1006,9.81,1883,9.80,7925,9.79,1296,9.78,1522,9.83,20,9.84,527,9.85,10,9.86,832,9.87,1191,S
2016-1-27,10:06:42,9.83,37,117295,36360,9.82,1016,9.81,1883,9.80,7920,9.79,1296,9.78,1528,9.83,96,9.84,527,9.85,10,9.86,832,9.87,1191,B
2016-1-27,10:06:45,9.83,430,117725,422056,9.83,395,9.82,1016,9.81,1873,9.80,7920,9.79,1296,9.84,522,9.85,10,9.86,832,9.87,1191,9.88,237,B
2016-1-27,10:06:49,9.84,48,117773,47192,9.83,387,9.82,1016,9.81,1883,9.80,7920,9.79,1102,9.84,514,9.85,17,9.86,832,9.87,1191,9.88,237,B
2016-1-27,10:06:52,9.83,10,117783,9832,9.83,437,9.82,1016,9.81,1883,9.80,7920,9.79,1102,9.84,514,9.85,17,9.86,832,9.87,1191,9.88,237,S
2016-1-27,10:06:54,9.83,9,117792,8848,9.83,435,9.82,1016,9.81,1873,9.80,7920,9.79,1102,9.84,520,9.85,17,9.86,832,9.87,1191,9.88,237,S
2016-1-27,10:06:58,9.80,5071,122863,4974808,9.80,6191,9.79,1102,9.78,1500,9.77,231,9.76,347,9.84,520,9.85,28,9.86,832,9.87,1191,9.88,237,S
2016-1-27,10:06:59,9.84,10,122873,9840,9.80,6191,9.79,1102,9.78,1500,9.77,231,9.76,347,9.83,20,9.84,512,9.85,37,9.86,859,9.87,1191,B
2016-1-27,10:07:03,9.82,24,122897,23592,9.82,7,9.80,6201,9.79,1104,9.78,1500,9.77,231,9.83,6,9.84,567,9.85,37,9.86,869,9.87,1281,S
2016-1-27,10:07:06,9.81,28,122925,27480,9.81,13,9.80,6205,9.79,1104,9.78,1500,9.77,231,9.82,13,9.83,64,9.84,567,9.85,37,9.86,869,S
2016-1-27,10:07:09,9.83,35,122960,34376,9.81,19,9.80,6205,9.79,1104,9.78,1510,9.77,231,9.83,131,9.84,569,9.85,37,9.86,869,9.87,1281,B
2016-1-27,10:07:12,9.83,1,122961,984,9.81,184,9.80,6205,9.79,1104,9.78,1510,9.77,231,9.83,310,9.84,579,9.85,37,9.86,869,9.87,1281,B
2016-1-27,10:07:15,9.83,110,123071,108128,9.81,203,9.80,6205,9.79,1104,9.78,1510,9.77,231,9.83,210,9.84,579,9.85,37,9.86,869,9.87,1281,B
2016-1-27,10:07:19,9.81,261,123332,256856,9.81,223,9.80,6246,9.79,1104,9.78,1510,9.77,231,9.84,766,9.85,37,9.86,869,9.87,1281,9.88,237,S
2016-1-27,10:07:21,9.81,151,123483,148320,9.81,444,9.80,6245,9.79,1104,9.78,1510,9.77,231,9.84,706,9.85,42,9.86,879,9.87,1281,9.88,237,S
2016-1-27,10:07:24,9.84,160,123643,157344,9.81,474,9.80,6245,9.79,1104,9.78,1510,9.77,231,9.84,581,9.85,42,9.86,879,9.87,1281,9.88,347,B
2016-1-27,10:07:27,9.81,170,123813,167120,9.82,1,9.81,446,9.80,6245,9.79,1104,9.78,1510,9.84,471,9.85,42,9.86,879,9.87,1271,9.88,347,S
2016-1-27,10:07:31,9.82,76,123889,74768,9.82,1,9.81,461,9.80,6245,9.79,1104,9.78,1510,9.83,65,9.84,405,9.85,42,9.86,879,9.87,1271,S
2016-1-27,10:07:33,9.83,64,123953,62912,9.82,1,9.81,461,9.80,6235,9.79,1104,9.78,1510,9.83,77,9.84,405,9.85,42,9.86,879,9.87,1271,B
2016-1-27,10:07:37,9.83,367,124320,360144,9.81,163,9.80,6251,9.79,1104,9.78,1510,9.77,231,9.83,30,9.84,405,9.85,32,9.86,891,9.87,1271,B
2016-1-27,10:07:39,9.83,71,124391,69680,9.82,21,9.81,108,9.80,6250,9.79,1104,9.78,1510,9.83,14,9.84,405,9.85,32,9.86,909,9.87,1271,B
2016-1-27,10:07:42,9.81,175,124566,171472,9.80,6245,9.79,1104,9.78,1510,9.77,231,9.76,452,9.81,113,9.84,375,9.85,32,9.86,909,9.87,1071,S
2016-1-27,10:07:46,9.84,272,124838,267072,9.80,6245,9.79,1112,9.78,1510,9.77,231,9.76,452,9.83,50,9.84,331,9.85,58,9.86,909,9.87,1071,B
2016-1-27,10:07:49,9.83,22,124860,21600,9.81,2,9.80,6255,9.79,1112,9.78,1510,9.77,231,9.82,3,9.83,168,9.84,331,9.85,58,9.86,909,B
2016-1-27,10:07:51,9.83,79,124939,77624,9.81,2,9.80,6255,9.79,1111,9.78,1510,9.77,231,9.82,30,9.83,125,9.84,331,9.85,112,9.86,909,B
